<?xml version="1.0" encoding="UTF-8"?>
<!DOCTYPE html PUBLIC "-//W3C//DTD XHTML 1.0 Transitional//EN"
    "http://www.w3.org/TR/xhtml1/DTD/xhtml1-transitional.dtd">
<html xmlns="http://www.w3.org/1999/xhtml" xml:lang="en" lang="en">
 <head>
  <title>
</title>
<meta http-equiv="Content-Type" content="text/html;charset=utf-8" />
  <meta name='ocr-system' content='tesseract 3.04.00' />
  <meta name='ocr-capabilities' content='ocr_page ocr_carea ocr_par ocr_line ocrx_word'/>
</head>
<body>
  <div class='ocr_page' id='page_1' title='image "./dominicimacrimel00magr/dominicimacrimel00magr_0369.png"; bbox 0 0 1866 2526; ppageno 0'>
   <div class='ocr_carea' id='block_1_1' title="bbox 378 37 487 80">
    <p class='ocr_par' dir='ltr' id='par_1_1' title="bbox 378 37 487 80">
     <span class='ocr_line' id='line_1_1' title="bbox 378 37 487 80; baseline 0 0"><span class='ocrx_word' id='word_1_1' title='bbox 378 37 487 80; x_wconf 90' lang='lat' dir='ltr'>GA</span> 
     </span>
    </p>
   </div>
   <div class='ocr_carea' id='block_1_2' title="bbox 123 93 928 417">
    <p class='ocr_par' dir='ltr' id='par_1_2' title="bbox 123 93 928 417">
     <span class='ocr_line' id='line_1_2' title="bbox 126 93 928 134; baseline -0.005 -9"><span class='ocrx_word' id='word_1_2' title='bbox 126 106 162 126; x_wconf 84' lang='lat' dir='ltr'>ne</span> <span class='ocrx_word' id='word_1_3' title='bbox 170 93 270 127; x_wconf 79' lang='lat' dir='ltr'>servari</span> <span class='ocrx_word' id='word_1_4' title='bbox 279 94 422 126; x_wconf 84' lang='lat' dir='ltr'>ordinavit</span> <span class='ocrx_word' id='word_1_5' title='bbox 434 116 442 123; x_wconf 88' lang='lat'><strong>.</strong></span> <span class='ocrx_word' id='word_1_6' title='bbox 461 96 518 124; x_wconf 71' lang='lat' dir='ltr'>PR.</span> <span class='ocrx_word' id='word_1_7' title='bbox 530 94 673 134; x_wconf 86' lang='lat' dir='ltr'>Torrigius</span> <span class='ocrx_word' id='word_1_8' title='bbox 688 104 753 123; x_wconf 68' lang='lat' dir='ltr'>vero</span> <span class='ocrx_word' id='word_1_9' title='bbox 765 94 799 123; x_wconf 81' lang='lat' dir='ltr'>‹le</span> <span class='ocrx_word' id='word_1_10' title='bbox 809 93 928 132; x_wconf 53' lang='lat' dir='ltr'>cryptis</span> 
     </span>
     <span class='ocr_line' id='line_1_3' title="bbox 127 135 926 175; baseline -0.005 -8"><span class='ocrx_word' id='word_1_11' title='bbox 127 139 254 167; x_wconf 77' lang='lat' dir='ltr'>vatican.</span> <span class='ocrx_word' id='word_1_12' title='bbox 273 136 398 166; x_wconf 82' lang='lat' dir='ltr'>editione</span> <span class='ocrx_word' id='word_1_13' title='bbox 407 135 523 164; x_wconf 79' lang='lat' dir='ltr'>secunda</span> <span class='ocrx_word' id='word_1_14' title='bbox 540 146 601 175; x_wconf 73' lang='lat' dir='ltr'>pag.</span> <span class='ocrx_word' id='word_1_15' title='bbox 616 145 682 175; x_wconf 80' lang='lat'>5¹3·</span> <span class='ocrx_word' id='word_1_16' title='bbox 701 135 777 165; x_wconf 86' lang='lat' dir='ltr'>addit</span> <span class='ocrx_word' id='word_1_17' title='bbox 800 135 926 174; x_wconf 82' lang='lat' dir='ltr'>insuper,</span> 
     </span>
     <span class='ocr_line' id='line_1_4' title="bbox 125 172 925 218; baseline -0.005 -11"><span class='ocrx_word' id='word_1_18' title='bbox 125 178 200 218; x_wconf 89' lang='lat' dir='ltr'>quod</span> <span class='ocrx_word' id='word_1_19' title='bbox 211 172 338 216; x_wconf 76' lang='lat' dir='ltr'>praefatus</span> <span class='ocrx_word' id='word_1_20' title='bbox 347 174 480 206; x_wconf 75' lang='lat' dir='ltr'>Pontifex</span> <span class='ocrx_word' id='word_1_21' title='bbox 499 175 532 204; x_wconf 82' lang='lat' dir='ltr'>ad</span> <span class='ocrx_word' id='word_1_22' title='bbox 541 187 633 205; x_wconf 82' lang='lat' dir='ltr'>curam</span> <span class='ocrx_word' id='word_1_23' title='bbox 644 176 738 205; x_wconf 82' lang='lat' dir='ltr'>haruin</span> <span class='ocrx_word' id='word_1_24' title='bbox 750 175 925 216; x_wconf 72' lang='lat' dir='ltr'>gabatharum</span> 
     </span>
     <span class='ocr_line' id='line_1_5' title="bbox 123 216 924 256; baseline -0.005 -8"><span class='ocrx_word' id='word_1_25' title='bbox 123 219 191 248; x_wconf 85' lang='lat' dir='ltr'>duos</span> <span class='ocrx_word' id='word_1_26' title='bbox 201 217 342 246; x_wconf 80' lang='lat' dir='ltr'>ministros</span> <span class='ocrx_word' id='word_1_27' title='bbox 352 217 526 256; x_wconf 79' lang='lat' dir='ltr'>deputaverit</span> <span class='ocrx_word' id='word_1_28' title='bbox 539 239 546 250; x_wconf 90' lang='lat'><em>,</em></span> <span class='ocrx_word' id='word_1_29' title='bbox 566 221 593 246; x_wconf 77' lang='grc' dir='ltr'>ὃ(</span> <span class='ocrx_word' id='word_1_30' title='bbox 603 217 677 256; x_wconf 88' lang='lat' dir='ltr'>quod</span> <span class='ocrx_word' id='word_1_31' title='bbox 696 216 821 246; x_wconf 72' lang='lat' dir='ltr'>Gabatha</span> <span class='ocrx_word' id='word_1_32' title='bbox 830 221 924 245; x_wconf 76' lang='lat' dir='ltr'>Cava-</span> 
     </span>
     <span class='ocr_line' id='line_1_6' title="bbox 126 257 924 302; baseline -0.003 -15"><span class='ocrx_word' id='word_1_33' title='bbox 126 269 157 288; x_wconf 76' lang='lat' dir='ltr'>ta</span> <span class='ocrx_word' id='word_1_34' title='bbox 165 259 247 287; x_wconf 82' lang='lat' dir='ltr'>eriam</span> <span class='ocrx_word' id='word_1_35' title='bbox 255 258 411 302; x_wconf 49' lang='lat' dir='ltr'>dicebatur,</span> <span class='ocrx_word' id='word_1_36' title='bbox 432 267 492 296; x_wconf 68' lang='lat' dir='ltr'>qux</span> <span class='ocrx_word' id='word_1_37' title='bbox 506 257 626 295; x_wconf 78' lang='lat' dir='ltr'>patinam</span> <span class='ocrx_word' id='word_1_38' title='bbox 639 257 776 296; x_wconf 80' lang='lat' dir='ltr'>significat</span> <span class='ocrx_word' id='word_1_39' title='bbox 785 279 793 290; x_wconf 91' lang='lat'><em>‚</em></span> <span class='ocrx_word' id='word_1_40' title='bbox 814 267 924 296; x_wconf 82' lang='lat' dir='ltr'>quarum</span> 
     </span>
     <span class='ocr_line' id='line_1_7' title="bbox 124 297 926 337; baseline -0.004 -8"><span class='ocrx_word' id='word_1_41' title='bbox 124 299 224 337; x_wconf 76' lang='lat' dir='ltr'>aliquas</span> <span class='ocrx_word' id='word_1_42' title='bbox 237 298 332 327; x_wconf 84' lang='lat' dir='ltr'>vidisse</span> <span class='ocrx_word' id='word_1_43' title='bbox 342 298 457 327; x_wconf 86' lang='lat' dir='ltr'>memini</span> <span class='ocrx_word' id='word_1_44' title='bbox 477 299 510 326; x_wconf 85' lang='lat' dir='ltr'>ad</span> <span class='ocrx_word' id='word_1_45' title='bbox 527 299 630 337; x_wconf 69' lang='lat' dir='ltr'>lagenae</span> <span class='ocrx_word' id='word_1_46' title='bbox 644 298 757 337; x_wconf 74' lang='lat' dir='ltr'>liguram</span> <span class='ocrx_word' id='word_1_47' title='bbox 767 309 801 327; x_wconf 88' lang='lat' dir='ltr'>ex</span> <span class='ocrx_word' id='word_1_48' title='bbox 821 297 926 327; x_wconf 81' lang='lat' dir='ltr'>Rh&#39;odo</span> 
     </span>
     <span class='ocr_line' id='line_1_8' title="bbox 126 337 921 378; baseline -0.003 -10"><span class='ocrx_word' id='word_1_49' title='bbox 126 338 213 368; x_wconf 81' lang='lat' dir='ltr'>insula</span> <span class='ocrx_word' id='word_1_50' title='bbox 222 339 314 368; x_wconf 74' lang='lat' dir='ltr'>allatas</span> <span class='ocrx_word' id='word_1_51' title='bbox 328 361 335 372; x_wconf 90' lang='lat'><em>‚</em></span> <span class='ocrx_word' id='word_1_52' title='bbox 347 339 458 378; x_wconf 81' lang='lat' dir='ltr'>quando</span> <span class='ocrx_word' id='word_1_53' title='bbox 468 360 475 371; x_wconf 91' lang='lat'><em>,</em></span> <span class='ocrx_word' id='word_1_54' title='bbox 487 337 592 367; x_wconf 88' lang='lat' dir='ltr'>scilicet</span> <span class='ocrx_word' id='word_1_55' title='bbox 604 361 612 372; x_wconf 93' lang='lat'><em>,</em></span> <span class='ocrx_word' id='word_1_56' title='bbox 635 339 748 377; x_wconf 81' lang='lat' dir='ltr'>Equites</span> <span class='ocrx_word' id='word_1_57' title='bbox 759 337 921 374; x_wconf 77' lang='lat' dir='ltr'>Hierosoly—</span> 
     </span>
     <span class='ocr_line' id='line_1_9' title="bbox 123 377 923 417; baseline -0.003 -8"><span class='ocrx_word' id='word_1_58' title='bbox 123 380 224 409; x_wconf 83' lang='lat' dir='ltr'>mitani</span> <span class='ocrx_word' id='word_1_59' title='bbox 244 390 278 408; x_wconf 89' lang='lat' dir='ltr'>ex</span> <span class='ocrx_word' id='word_1_60' title='bbox 289 391 318 408; x_wconf 83' lang='lat' dir='ltr'>ea</span> <span class='ocrx_word' id='word_1_61' title='bbox 329 379 415 408; x_wconf 82' lang='lat' dir='ltr'>insula</span> <span class='ocrx_word' id='word_1_62' title='bbox 431 379 535 417; x_wconf 81' lang='lat' dir='ltr'>expulsi</span> <span class='ocrx_word' id='word_1_63' title='bbox 555 378 627 407; x_wconf 84' lang='lat' dir='ltr'>sacra</span> <span class='ocrx_word' id='word_1_64' title='bbox 647 379 773 408; x_wconf 71' lang='lat' dir='ltr'>utensilia</span> <span class='ocrx_word' id='word_1_65' title='bbox 792 377 882 407; x_wconf 86' lang='lat' dir='ltr'>secum</span> <span class='ocrx_word' id='word_1_66' title='bbox 894 379 923 407; x_wconf 93' lang='lat' dir='ltr'>in</span> 
     </span>
    </p>
   </div>
   <div class='ocr_carea' id='block_1_3' title="bbox 925 91 945 393">
    <p class='ocr_par' dir='ltr' id='par_1_3' title="bbox 925 91 945 393">
     <span class='ocr_line' id='line_1_10' title="bbox 928 91 945 195; baseline 0 -40"><span class='ocrx_word' id='word_1_67' title='bbox 928 91 945 195; x_wconf 95' lang='lat' dir='ltr'>  </span> 
     </span>
     <span class='ocr_line' id='line_1_11' title="bbox 927 195 944 241; baseline 0 2285"><span class='ocrx_word' id='word_1_68' title='bbox 927 195 944 241; x_wconf 95' lang='lat' dir='ltr'> </span> 
     </span>
     <span class='ocr_line' id='line_1_12' title="bbox 925 241 944 393; baseline 0 0"><span class='ocrx_word' id='word_1_69' title='bbox 925 241 944 393; x_wconf 95' lang='lat' dir='ltr'>    </span> 
     </span>
    </p>
   </div>
   <div class='ocr_carea' id='block_1_4' title="bbox 1284 41 1730 100">
    <p class='ocr_par' dir='ltr' id='par_1_4' title="bbox 1284 41 1730 100">
     <span class='ocr_line' id='line_1_13' title="bbox 1284 41 1730 100; baseline 0.009 -17"><span class='ocrx_word' id='word_1_70' title='bbox 1284 41 1440 84; x_wconf 63' lang='lat' dir='ltr'>GAv</span> <span class='ocrx_word' id='word_1_71' title='bbox 1655 57 1730 100; x_wconf 84' lang='lat'>341</span> 
     </span>
    </p>
   </div>
   <div class='ocr_carea' id='block_1_5' title="bbox 947 96 1785 140">
    <p class='ocr_par' dir='ltr' id='par_1_5' title="bbox 947 96 1785 140">
     <span class='ocr_line' id='line_1_14' title="bbox 947 96 1785 140; baseline 0.013 -16"><span class='ocrx_word' id='word_1_72' title='bbox 947 96 1109 126; x_wconf 61' lang='lat' dir='ltr'>Ciminum</span> <span class='ocrx_word' id='word_1_73' title='bbox 1121 119 1128 130; x_wconf 89' lang='lat'><em>‚</em></span> <span class='ocrx_word' id='word_1_74' title='bbox 1151 98 1281 127; x_wconf 88' lang='lat' dir='ltr'>nonnulli</span> <span class='ocrx_word' id='word_1_75' title='bbox 1297 99 1455 128; x_wconf 77' lang='lat' dir='ltr'>existimant</span> <span class='ocrx_word' id='word_1_76' title='bbox 1474 101 1606 140; x_wconf 65' lang='lat' dir='ltr'>gibellam</span> <span class='ocrx_word' id='word_1_77' title='bbox 1617 124 1624 135; x_wconf 89' lang='lat'>.</span> <span class='ocrx_word' id='word_1_78' title='bbox 1641 107 1669 133; x_wconf 70' lang='grc' dir='ltr'>ὁ(</span> <span class='ocrx_word' id='word_1_79' title='bbox 1680 103 1785 135; x_wconf 72' lang='lat' dir='ltr'>darium</span> 
     </span>
    </p>
   </div>
   <div class='ocr_carea' id='block_1_6' title="bbox 980 135 1785 416">
    <p class='ocr_par' dir='ltr' id='par_1_6' title="bbox 980 135 1785 416">
     <span class='ocr_line' id='line_1_15' title="bbox 985 135 1784 184; baseline 0.014 -20"><span class='ocrx_word' id='word_1_80' title='bbox 985 135 1038 164; x_wconf 89' lang='lat' dir='ltr'>hoc</span> <span class='ocrx_word' id='word_1_81' title='bbox 1058 137 1219 168; x_wconf 60' lang='lat' dir='ltr'>vocabulum</span> <span class='ocrx_word' id='word_1_82' title='bbox 1231 138 1383 178; x_wconf 81' lang='lat' dir='ltr'>significare</span> <span class='ocrx_word' id='word_1_83' title='bbox 1403 141 1432 168; x_wconf 88' lang='lat' dir='ltr'>in</span> <span class='ocrx_word' id='word_1_84' title='bbox 1444 141 1539 169; x_wconf 80' lang='lat' dir='ltr'>Anast-</span> <span class='ocrx_word' id='word_1_85' title='bbox 1562 143 1674 172; x_wconf 83' lang='lat' dir='ltr'>Bibliot.</span> <span class='ocrx_word' id='word_1_86' title='bbox 1695 146 1741 184; x_wconf 87' lang='lat' dir='ltr'>qui</span> <span class='ocrx_word' id='word_1_87' title='bbox 1754 147 1784 175; x_wconf 90' lang='lat' dir='ltr'>in</span> 
     </span>
     <span class='ocr_line' id='line_1_16' title="bbox 985 177 1785 221; baseline 0.008 -16"><span class='ocrx_word' id='word_1_88' title='bbox 985 177 1123 216; x_wconf 83' lang='lat' dir='ltr'>Stephano</span> <span class='ocrx_word' id='word_1_89' title='bbox 1135 180 1192 208; x_wconf 87' lang='lat'>111.</span> <span class='ocrx_word' id='word_1_90' title='bbox 1202 179 1238 208; x_wconf 88' lang='lat' dir='ltr'>sic</span> <span class='ocrx_word' id='word_1_91' title='bbox 1249 180 1287 208; x_wconf 83' lang='lat' dir='ltr'>:iit</span> <span class='ocrx_word' id='word_1_92' title='bbox 1298 192 1305 207; x_wconf 81' lang='lat'>.-</span> <span class='ocrx_word' id='word_1_93' title='bbox 1327 183 1412 215; x_wconf 82' lang='lat' dir='ltr'>[Rcit</span> <span class='ocrx_word' id='word_1_94' title='bbox 1431 181 1545 210; x_wconf 80' lang='lat' dir='ltr'>reddere</span> <span class='ocrx_word' id='word_1_95' title='bbox 1556 183 1716 221; x_wconf 85' lang='lat' dir='ltr'>promiserat</span> <span class='ocrx_word' id='word_1_96' title='bbox 1739 189 1785 216; x_wconf 65' lang='lat' dir='ltr'>Fa-</span> 
     </span>
     <span class='ocr_line' id='line_1_17' title="bbox 985 219 1783 259; baseline 0.005 -12"><span class='ocrx_word' id='word_1_97' title='bbox 985 219 1106 248; x_wconf 77' lang='lat' dir='ltr'>ventiam</span> <span class='ocrx_word' id='word_1_98' title='bbox 1117 240 1124 251; x_wconf 85' lang='lat'><em>,</em></span> <span class='ocrx_word' id='word_1_99' title='bbox 1135 229 1196 248; x_wconf 89' lang='lat' dir='ltr'>cuin</span> <span class='ocrx_word' id='word_1_100' title='bbox 1207 220 1305 249; x_wconf 73' lang='lat' dir='ltr'>Castro</span> <span class='ocrx_word' id='word_1_101' title='bbox 1314 220 1455 249; x_wconf 55' lang='lat' dir='ltr'>Tibe-risco</span> <span class='ocrx_word' id='word_1_102' title='bbox 1467 244 1475 255; x_wconf 93' lang='lat'><em>‚</em></span> <span class='ocrx_word' id='word_1_103' title='bbox 1497 221 1544 252; x_wconf 89' lang='lat' dir='ltr'>seu</span> <span class='ocrx_word' id='word_1_104' title='bbox 1553 224 1698 252; x_wconf 83' lang='lat' dir='ltr'>Gabellum</span> <span class='ocrx_word' id='word_1_105' title='bbox 1708 246 1716 254; x_wconf 88' lang='lat'><strong>.</strong></span> <span class='ocrx_word' id='word_1_106' title='bbox 1729 230 1742 259; x_wconf 76' lang='lat'>1</span> <span class='ocrx_word' id='word_1_107' title='bbox 1756 231 1783 258; x_wconf 71' lang='grc' dir='ltr'>Ι,</span> 
     </span>
     <span class='ocr_line' id='line_1_18' title="bbox 983 260 1783 303; baseline 0.01 -16"><span class='ocrx_word' id='word_1_108' title='bbox 983 267 1063 297; x_wconf 85' lang='lat' dir='ltr'>taque</span> <span class='ocrx_word' id='word_1_109' title='bbox 1071 260 1204 293; x_wconf 83' lang='lat' dir='ltr'>castrum,</span> <span class='ocrx_word' id='word_1_110' title='bbox 1224 263 1250 288; x_wconf 64' lang='grc' dir='ltr'>ἃ</span> <span class='ocrx_word' id='word_1_111' title='bbox 1263 272 1318 290; x_wconf 90' lang='lat' dir='ltr'>non</span> <span class='ocrx_word' id='word_1_112' title='bbox 1329 261 1434 290; x_wconf 84' lang='lat' dir='ltr'>datium</span> <span class='ocrx_word' id='word_1_113' title='bbox 1445 273 1517 294; x_wconf 75' lang='lat' dir='ltr'>erat5</span> <span class='ocrx_word' id='word_1_114' title='bbox 1532 273 1592 292; x_wconf 81' lang='lat' dir='ltr'>nain</span> <span class='ocrx_word' id='word_1_115' title='bbox 1601 265 1783 303; x_wconf 78' lang='lat' dir='ltr'>Tyberiacum</span> 
     </span>
     <span class='ocr_line' id='line_1_19' title="bbox 981 300 1781 341; baseline 0.011 -14"><span class='ocrx_word' id='word_1_116' title='bbox 981 309 1051 328; x_wconf 86' lang='lat' dir='ltr'>terra</span> <span class='ocrx_word' id='word_1_117' title='bbox 1062 300 1110 334; x_wconf 86' lang='lat' dir='ltr'>est,</span> <span class='ocrx_word' id='word_1_118' title='bbox 1120 311 1180 340; x_wconf 76' lang='lat' dir='ltr'>qua:</span> <span class='ocrx_word' id='word_1_119' title='bbox 1193 300 1279 330; x_wconf 89' lang='lat' dir='ltr'>hodie</span> <span class='ocrx_word' id='word_1_120' title='bbox 1289 302 1440 341; x_wconf 70' lang='lat' dir='ltr'>vulgariter</span> <span class='ocrx_word' id='word_1_121' title='bbox 1450 305 1662 341; x_wconf 80' lang='lat' dir='ltr'>Ragnacavallo</span> <span class='ocrx_word' id='word_1_122' title='bbox 1671 306 1781 341; x_wconf 77' lang='lat' dir='ltr'>dicitur,</span> 
     </span>
     <span class='ocr_line' id='line_1_20' title="bbox 980 340 1782 385; baseline 0.01 -16"><span class='ocrx_word' id='word_1_123' title='bbox 980 340 1164 380; x_wconf 79' lang='lat' dir='ltr'>&amp;antiquitus</span> <span class='ocrx_word' id='word_1_124' title='bbox 1185 342 1325 370; x_wconf 71' lang='lat' dir='ltr'>Gabbeum</span> <span class='ocrx_word' id='word_1_125' title='bbox 1339 364 1346 375; x_wconf 89' lang='lat'><em>‚</em></span> <span class='ocrx_word' id='word_1_126' title='bbox 1368 344 1454 372; x_wconf 81' lang='lat' dir='ltr'>&amp;Ad</span> <span class='ocrx_word' id='word_1_127' title='bbox 1465 344 1582 374; x_wconf 71' lang='lat' dir='ltr'>caballos</span> <span class='ocrx_word' id='word_1_128' title='bbox 1593 358 1605 380; x_wconf 85' lang='lat'>,·</span> <span class='ocrx_word' id='word_1_129' title='bbox 1629 356 1711 385; x_wconf 68' lang='lat' dir='ltr'>quare</span> <span class='ocrx_word' id='word_1_130' title='bbox 1729 353 1782 378; x_wconf 83' lang='lat' dir='ltr'>Ga-</span> 
     </span>
     <span class='ocr_line' id='line_1_21' title="bbox 980 380 1438 416; baseline 0.009 -8"><span class='ocrx_word' id='word_1_131' title='bbox 980 380 1083 409; x_wconf 80' lang='lat' dir='ltr'>bellum</span> <span class='ocrx_word' id='word_1_132' title='bbox 1093 403 1101 416; x_wconf 93' lang='lat'><em>‚</em></span> <span class='ocrx_word' id='word_1_133' title='bbox 1113 386 1140 411; x_wconf 69' lang='grc' dir='ltr'>δε</span> <span class='ocrx_word' id='word_1_134' title='bbox 1150 383 1290 411; x_wconf 73' lang='lat' dir='ltr'>Gabbeum</span> <span class='ocrx_word' id='word_1_135' title='bbox 1302 383 1373 412; x_wconf 86' lang='lat' dir='ltr'>idem</span> <span class='ocrx_word' id='word_1_136' title='bbox 1386 384 1438 412; x_wconf 84' lang='lat' dir='ltr'>cst.</span> 
     </span>
    </p>
   </div>
   <div class='ocr_carea' id='block_1_7' title="bbox 126 418 1783 468">
    <p class='ocr_par' dir='ltr' id='par_1_7' title="bbox 126 418 1783 468">
     <span class='ocr_line' id='line_1_22' title="bbox 126 418 1783 468; baseline 0.006 -19"><span class='ocrx_word' id='word_1_137' title='bbox 126 419 254 450; x_wconf 80' lang='lat' dir='ltr'>Melitam</span> <span class='ocrx_word' id='word_1_138' title='bbox 271 422 418 449; x_wconf 81' lang='lat' dir='ltr'>attulerant</span> <span class='ocrx_word' id='word_1_139' title='bbox 431 441 438 452; x_wconf 91' lang='lat'><em>,</em></span> <span class='ocrx_word' id='word_1_140' title='bbox 461 419 585 458; x_wconf 79' lang='lat' dir='ltr'>adusque</span> <span class='ocrx_word' id='word_1_141' title='bbox 594 420 627 448; x_wconf 82' lang='lat' dir='ltr'>ad</span> <span class='ocrx_word' id='word_1_142' title='bbox 646 419 738 448; x_wconf 78' lang='lat' dir='ltr'>nostra</span> <span class='ocrx_word' id='word_1_143' title='bbox 747 429 869 457; x_wconf 85' lang='lat' dir='ltr'>tempora</span> <span class='ocrx_word' id='word_1_144' title='bbox 880 418 921 447; x_wconf 72' lang='lat' dir='ltr'>hse</span> <span class='ocrx_word' id='word_1_145' title='bbox 939 422 1076 451; x_wconf 72' lang='lat' dir='ltr'>GABRsti.</span> <span class='ocrx_word' id='word_1_146' title='bbox 1089 443 1095 450; x_wconf 93' lang='lat'>.</span> <span class='ocrx_word' id='word_1_147' title='bbox 1118 424 1173 453; x_wconf 74' lang='lat' dir='ltr'>PR.</span> <span class='ocrx_word' id='word_1_148' title='bbox 1186 422 1310 452; x_wconf 79' lang='lat' dir='ltr'>hebraica</span> <span class='ocrx_word' id='word_1_149' title='bbox 1321 434 1376 452; x_wconf 83' lang='lat' dir='ltr'>vox</span> <span class='ocrx_word' id='word_1_150' title='bbox 1390 446 1396 457; x_wconf 96' lang='lat'><em>,</em></span> <span class='ocrx_word' id='word_1_151' title='bbox 1407 429 1434 454; x_wconf 72' lang='grc' dir='ltr'>ὅ(</span> <span class='ocrx_word' id='word_1_152' title='bbox 1445 425 1483 454; x_wconf 84' lang='lat' dir='ltr'>est</span> <span class='ocrx_word' id='word_1_153' title='bbox 1493 436 1596 455; x_wconf 87' lang='lat' dir='ltr'>nomen</span> <span class='ocrx_word' id='word_1_154' title='bbox 1608 429 1713 468; x_wconf 86' lang='lat' dir='ltr'>Angeli</span> <span class='ocrx_word' id='word_1_155' title='bbox 1726 451 1733 462; x_wconf 93' lang='lat'><em>,</em></span> <span class='ocrx_word' id='word_1_156' title='bbox 1744 430 1783 459; x_wconf 83' lang='lat' dir='ltr'>ia-</span> 
     </span>
    </p>
   </div>
   <div class='ocr_carea' id='block_1_8' title="bbox 117 459 923 1188">
    <p class='ocr_par' dir='ltr' id='par_1_8' title="bbox 117 459 923 1188">
     <span class='ocr_line' id='line_1_23' title="bbox 121 459 922 498; baseline -0.002 -9"><span class='ocrx_word' id='word_1_157' title='bbox 121 463 239 490; x_wconf 82' lang='lat' dir='ltr'>Gavatae</span> <span class='ocrx_word' id='word_1_158' title='bbox 260 460 490 489; x_wconf 73' lang='lat' dir='ltr'>conservabantur</span> <span class='ocrx_word' id='word_1_159' title='bbox 501 481 507 487; x_wconf 92' lang='lat'><em>.</em></span> <span class='ocrx_word' id='word_1_160' title='bbox 531 461 627 489; x_wconf 84' lang='lat' dir='ltr'>Patina</span> <span class='ocrx_word' id='word_1_161' title='bbox 653 460 726 488; x_wconf 87' lang='lat' dir='ltr'>enini</span> <span class='ocrx_word' id='word_1_162' title='bbox 749 459 922 498; x_wconf 75' lang='lat' dir='ltr'>planiforiiiis</span> 
     </span>
     <span class='ocr_line' id='line_1_24' title="bbox 122 498 923 543; baseline -0.002 -13"><span class='ocrx_word' id='word_1_163' title='bbox 122 501 216 540; x_wconf 84' lang='lat' dir='ltr'>potius</span> <span class='ocrx_word' id='word_1_164' title='bbox 227 502 318 530; x_wconf 86' lang='lat' dir='ltr'>existit</span> <span class='ocrx_word' id='word_1_165' title='bbox 330 513 337 533; x_wconf 68' lang='lat'>5</span> <span class='ocrx_word' id='word_1_166' title='bbox 351 501 414 529; x_wconf 90' lang='lat' dir='ltr'>hinc</span> <span class='ocrx_word' id='word_1_167' title='bbox 425 500 568 530; x_wconf 86' lang='lat' dir='ltr'>Ennodius</span> <span class='ocrx_word' id='word_1_168' title='bbox 580 499 707 530; x_wconf 87' lang='lat' dir='ltr'>Ticinen.</span> <span class='ocrx_word' id='word_1_169' title='bbox 718 498 808 543; x_wconf 57' lang='lat' dir='ltr'>Epist·</span> <span class='ocrx_word' id='word_1_170' title='bbox 820 499 853 526; x_wconf 84' lang='lat' dir='ltr'>ad</span> <span class='ocrx_word' id='word_1_171' title='bbox 864 499 923 528; x_wconf 85' lang='lat' dir='ltr'>sub-</span> 
     </span>
     <span class='ocr_line' id='line_1_25' title="bbox 121 538 921 578; baseline -0.004 -8"><span class='ocrx_word' id='word_1_172' title='bbox 121 543 190 578; x_wconf 62' lang='lat' dir='ltr'>jecta</span> <span class='ocrx_word' id='word_1_173' title='bbox 202 545 258 578; x_wconf 80' lang='lat' dir='ltr'>ejus</span> <span class='ocrx_word' id='word_1_174' title='bbox 280 542 399 570; x_wconf 78' lang='lat' dir='ltr'>carmina</span> <span class='ocrx_word' id='word_1_175' title='bbox 409 541 454 570; x_wconf 88' lang='lat' dir='ltr'>hic</span> <span class='ocrx_word' id='word_1_176' title='bbox 463 542 541 570; x_wconf 85' lang='lat' dir='ltr'>allata</span> <span class='ocrx_word' id='word_1_177' title='bbox 552 539 708 576; x_wconf 82' lang='lat' dir='ltr'>hujusmodi</span> <span class='ocrx_word' id='word_1_178' title='bbox 721 540 832 567; x_wconf 83' lang='lat' dir='ltr'>titulum</span> <span class='ocrx_word' id='word_1_179' title='bbox 842 538 921 578; x_wconf 89' lang='lat' dir='ltr'>super</span> 
     </span>
     <span class='ocr_line' id='line_1_26' title="bbox 121 578 919 621; baseline -0.005 -10"><span class='ocrx_word' id='word_1_180' title='bbox 121 582 264 621; x_wconf 73' lang='lat' dir='ltr'>scripserat</span> <span class='ocrx_word' id='word_1_181' title='bbox 273 605 280 616; x_wconf 86' lang='lat'><em>‚</em></span> <span class='ocrx_word' id='word_1_182' title='bbox 293 592 408 621; x_wconf 81' lang='lat' dir='ltr'>nempe:</span> <span class='ocrx_word' id='word_1_183' title='bbox 432 583 498 618; x_wconf 91' lang='lat' dir='ltr'>[De</span> <span class='ocrx_word' id='word_1_184' title='bbox 507 581 679 620; x_wconf 86' lang='lat' dir='ltr'>compositile</span> <span class='ocrx_word' id='word_1_185' title='bbox 689 580 805 608; x_wconf 84' lang='lat' dir='ltr'>habente</span> <span class='ocrx_word' id='word_1_186' title='bbox 815 578 919 618; x_wconf 85' lang='lat' dir='ltr'>septem</span> 
     </span>
     <span class='ocr_line' id='line_1_27' title="bbox 123 620 818 662; baseline -0.003 -11"><span class='ocrx_word' id='word_1_187' title='bbox 123 633 232 662; x_wconf 76' lang='lat' dir='ltr'>gavatas</span> <span class='ocrx_word' id='word_1_188' title='bbox 245 644 251 650; x_wconf 91' lang='lat'><strong>.</strong></span> <span class='ocrx_word' id='word_1_189' title='bbox 265 626 277 655; x_wconf 87' lang='grc'>]</span> <span class='ocrx_word' id='word_1_190' title='bbox 292 624 423 653; x_wconf 76' lang='lat' dir='ltr'>Carmina</span> <span class='ocrx_word' id='word_1_191' title='bbox 434 632 501 651; x_wconf 83' lang='lat' dir='ltr'>vero</span> <span class='ocrx_word' id='word_1_192' title='bbox 510 621 574 649; x_wconf 87' lang='lat' dir='ltr'>sunt</span> <span class='ocrx_word' id='word_1_193' title='bbox 584 621 659 649; x_wconf 80' lang='lat' dir='ltr'>haec:</span> <span class='ocrx_word' id='word_1_194' title='bbox 674 620 760 659; x_wconf 82' lang='lat' dir='ltr'>epigr.</span> <span class='ocrx_word' id='word_1_195' title='bbox 772 632 818 649; x_wconf 70' lang='grc' dir='ltr'>ιι.</span> 
     </span>
     <span class='ocr_line' id='line_1_28' title="bbox 163 661 790 702; baseline -0.005 -10"><span class='ocrx_word' id='word_1_196' title='bbox 163 664 289 692; x_wconf 76' lang='lat' dir='ltr'>Diversis</span> <span class='ocrx_word' id='word_1_197' title='bbox 297 664 408 702; x_wconf 80' lang='lat' dir='ltr'>dapibus</span> <span class='ocrx_word' id='word_1_198' title='bbox 417 661 537 690; x_wconf 76' lang='lat' dir='ltr'>confinia</span> <span class='ocrx_word' id='word_1_199' title='bbox 548 661 671 699; x_wconf 82' lang='lat' dir='ltr'>proxima</span> <span class='ocrx_word' id='word_1_200' title='bbox 680 661 770 689; x_wconf 73' lang='lat' dir='ltr'>servat</span> <span class='ocrx_word' id='word_1_201' title='bbox 782 682 790 694; x_wconf 97' lang='lat'><em>‚</em></span> 
     </span>
     <span class='ocr_line' id='line_1_29' title="bbox 203 702 755 733; baseline -0.007 0"><span class='ocrx_word' id='word_1_202' title='bbox 203 706 279 733; x_wconf 86' lang='lat' dir='ltr'>Dum</span> <span class='ocrx_word' id='word_1_203' title='bbox 289 704 392 732; x_wconf 79' lang='lat' dir='ltr'>claudit</span> <span class='ocrx_word' id='word_1_204' title='bbox 404 703 487 731; x_wconf 84' lang='lat' dir='ltr'>variis</span> <span class='ocrx_word' id='word_1_205' title='bbox 500 702 596 730; x_wconf 81' lang='lat' dir='ltr'>fercula</span> <span class='ocrx_word' id='word_1_206' title='bbox 606 702 690 730; x_wconf 87' lang='lat' dir='ltr'>multa</span> <span class='ocrx_word' id='word_1_207' title='bbox 701 702 755 730; x_wconf 78' lang='lat' dir='ltr'>viis</span> 
     </span>
     <span class='ocr_line' id='line_1_30' title="bbox 161 742 812 782; baseline -0.005 -9"><span class='ocrx_word' id='word_1_208' title='bbox 161 744 305 774; x_wconf 79' lang='lat' dir='ltr'>Limitibus</span> <span class='ocrx_word' id='word_1_209' title='bbox 315 744 396 772; x_wconf 83' lang='lat' dir='ltr'>certis</span> <span class='ocrx_word' id='word_1_210' title='bbox 406 765 414 776; x_wconf 93' lang='lat'><em>‚</em></span> <span class='ocrx_word' id='word_1_211' title='bbox 424 743 499 782; x_wconf 87' lang='lat' dir='ltr'>quod</span> <span class='ocrx_word' id='word_1_212' title='bbox 509 742 614 777; x_wconf 65' lang='lat' dir='ltr'>juiilflfus</span> <span class='ocrx_word' id='word_1_213' title='bbox 625 742 731 771; x_wconf 85' lang='lat' dir='ltr'>dividit</span> <span class='ocrx_word' id='word_1_214' title='bbox 741 742 812 770; x_wconf 89' lang='lat' dir='ltr'>ordo</span> 
     </span>
     <span class='ocr_line' id='line_1_31' title="bbox 203 782 859 823; baseline -0.002 -11"><span class='ocrx_word' id='word_1_215' title='bbox 203 785 285 813; x_wconf 91' lang='lat' dir='ltr'>Unus</span> <span class='ocrx_word' id='word_1_216' title='bbox 295 784 323 812; x_wconf 90' lang='lat' dir='ltr'>in</span> <span class='ocrx_word' id='word_1_217' title='bbox 336 793 451 823; x_wconf 77' lang='lat' dir='ltr'>argento</span> <span class='ocrx_word' id='word_1_218' title='bbox 461 805 468 816; x_wconf 88' lang='lat'><em>,</em></span> <span class='ocrx_word' id='word_1_219' title='bbox 478 793 556 822; x_wconf 82' lang='lat' dir='ltr'>quam</span> <span class='ocrx_word' id='word_1_220' title='bbox 570 783 637 811; x_wconf 88' lang='lat' dir='ltr'>bene</span> <span class='ocrx_word' id='word_1_221' title='bbox 649 793 751 811; x_wconf 87' lang='lat' dir='ltr'>ventor</span> <span class='ocrx_word' id='word_1_222' title='bbox 761 782 842 811; x_wconf 86' lang='lat' dir='ltr'>habet</span> <span class='ocrx_word' id='word_1_223' title='bbox 853 804 859 811; x_wconf 96' lang='lat'>.</span> 
     </span>
     <span class='ocr_line' id='line_1_32' title="bbox 118 823 920 863; baseline -0.001 -10"><span class='ocrx_word' id='word_1_224' title='bbox 118 826 216 863; x_wconf 85' lang='lat' dir='ltr'>Itaque</span> <span class='ocrx_word' id='word_1_225' title='bbox 224 828 350 858; x_wconf 70' lang='lat' dir='ltr'>Gavam,</span> <span class='ocrx_word' id='word_1_226' title='bbox 364 825 408 853; x_wconf 88' lang='lat' dir='ltr'>vel</span> <span class='ocrx_word' id='word_1_227' title='bbox 419 824 548 852; x_wconf 72' lang='lat' dir='ltr'>Gabatha</span> <span class='ocrx_word' id='word_1_228' title='bbox 558 824 718 862; x_wconf 67' lang='lat' dir='ltr'>patinarium</span> <span class='ocrx_word' id='word_1_229' title='bbox 728 823 843 852; x_wconf 83' lang='lat' dir='ltr'>formam</span> <span class='ocrx_word' id='word_1_230' title='bbox 853 824 920 852; x_wconf 89' lang='lat' dir='ltr'>reti-</span> 
     </span>
     <span class='ocr_line' id='line_1_33' title="bbox 119 864 919 904; baseline -0.001 -10"><span class='ocrx_word' id='word_1_231' title='bbox 119 866 199 894; x_wconf 84' lang='lat' dir='ltr'>nebat</span> <span class='ocrx_word' id='word_1_232' title='bbox 212 875 291 904; x_wconf 82' lang='lat' dir='ltr'>quam</span> <span class='ocrx_word' id='word_1_233' title='bbox 303 875 395 894; x_wconf 69' lang='lat' dir='ltr'>tamen</span> <span class='ocrx_word' id='word_1_234' title='bbox 405 865 434 893; x_wconf 91' lang='lat' dir='ltr'>in</span> <span class='ocrx_word' id='word_1_235' title='bbox 444 864 543 892; x_wconf 85' lang='lat' dir='ltr'>sacello</span> <span class='ocrx_word' id='word_1_236' title='bbox 554 864 702 903; x_wconf 85' lang='lat' dir='ltr'>pontificio</span> <span class='ocrx_word' id='word_1_237' title='bbox 710 864 919 893; x_wconf 75' lang='lat' dir='ltr'>diversificatam</span> 
     </span>
     <span class='ocr_line' id='line_1_34' title="bbox 119 904 920 944; baseline 0 -10"><span class='ocrx_word' id='word_1_238' title='bbox 119 905 196 934; x_wconf 66' lang='lat' dir='ltr'>suissi:</span> <span class='ocrx_word' id='word_1_239' title='bbox 206 905 334 934; x_wconf 83' lang='lat' dir='ltr'>existimo</span> <span class='ocrx_word' id='word_1_240' title='bbox 344 928 350 939; x_wconf 84' lang='lat'><em>‚</em></span> <span class='ocrx_word' id='word_1_241' title='bbox 364 906 475 944; x_wconf 89' lang='lat' dir='ltr'>quando</span> <span class='ocrx_word' id='word_1_242' title='bbox 484 915 572 933; x_wconf 83' lang='lat' dir='ltr'>ceram</span> <span class='ocrx_word' id='word_1_243' title='bbox 584 906 646 934; x_wconf 83' lang='lat' dir='ltr'>loco</span> <span class='ocrx_word' id='word_1_244' title='bbox 654 906 710 934; x_wconf 89' lang='lat' dir='ltr'>olei</span> <span class='ocrx_word' id='word_1_245' title='bbox 720 904 844 934; x_wconf 75' lang='lat' dir='ltr'>adhiberi</span> <span class='ocrx_word' id='word_1_246' title='bbox 854 908 920 934; x_wconf 84' lang='lat' dir='ltr'>Pau-</span> 
     </span>
     <span class='ocr_line' id='line_1_35' title="bbox 120 945 920 984; baseline 0.001 -11"><span class='ocrx_word' id='word_1_247' title='bbox 120 946 160 974; x_wconf 84' lang='lat' dir='ltr'>lus</span> <span class='ocrx_word' id='word_1_248' title='bbox 169 948 222 975; x_wconf 83' lang='lat' dir='ltr'>IV.</span> <span class='ocrx_word' id='word_1_249' title='bbox 233 947 407 975; x_wconf 73' lang='lat' dir='ltr'>mandaverat</span> <span class='ocrx_word' id='word_1_250' title='bbox 419 969 427 979; x_wconf 88' lang='lat'><em>,</em></span> <span class='ocrx_word' id='word_1_251' title='bbox 446 949 474 974; x_wconf 66' lang='grc' dir='ltr'>δε</span> <span class='ocrx_word' id='word_1_252' title='bbox 484 945 514 973; x_wconf 90' lang='lat' dir='ltr'>in</span> <span class='ocrx_word' id='word_1_253' title='bbox 524 945 638 973; x_wconf 79' lang='lat' dir='ltr'>formam</span> <span class='ocrx_word' id='word_1_254' title='bbox 658 945 756 984; x_wconf 65' lang='lat' dir='ltr'>phialae</span> <span class='ocrx_word' id='word_1_255' title='bbox 778 946 920 974; x_wconf 60' lang='lat' dir='ltr'>decollate</span> 
     </span>
     <span class='ocr_line' id='line_1_36' title="bbox 118 986 919 1025; baseline 0 -11"><span class='ocrx_word' id='word_1_256' title='bbox 118 987 150 1015; x_wconf 83' lang='lat' dir='ltr'>ab</span> <span class='ocrx_word' id='word_1_257' title='bbox 161 986 318 1015; x_wconf 74' lang='lat' dir='ltr'>Artilicibus</span> <span class='ocrx_word' id='word_1_258' title='bbox 331 987 457 1015; x_wconf 82' lang='lat' dir='ltr'>fabricata</span> <span class='ocrx_word' id='word_1_259' title='bbox 471 986 523 1014; x_wconf 82' lang='lat' dir='ltr'>suit</span> <span class='ocrx_word' id='word_1_260' title='bbox 536 1007 544 1018; x_wconf 95' lang='lat'><em>‚</em></span> <span class='ocrx_word' id='word_1_261' title='bbox 566 996 596 1014; x_wconf 81' lang='lat' dir='ltr'>ea</span> <span class='ocrx_word' id='word_1_262' title='bbox 606 987 714 1014; x_wconf 85' lang='lat' dir='ltr'>ratione</span> <span class='ocrx_word' id='word_1_263' title='bbox 725 1008 731 1018; x_wconf 87' lang='lat'><em>,</em></span> <span class='ocrx_word' id='word_1_264' title='bbox 745 987 808 1025; x_wconf 86' lang='lat' dir='ltr'>quia</span> <span class='ocrx_word' id='word_1_265' title='bbox 817 997 876 1015; x_wconf 86' lang='lat' dir='ltr'>cera</span> <span class='ocrx_word' id='word_1_266' title='bbox 888 988 919 1014; x_wconf 89' lang='lat' dir='ltr'>li-</span> 
     </span>
     <span class='ocr_line' id='line_1_37' title="bbox 119 1025 906 1065; baseline 0.001 -11"><span class='ocrx_word' id='word_1_267' title='bbox 119 1025 248 1065; x_wconf 84' lang='lat' dir='ltr'>qucsccns</span> <span class='ocrx_word' id='word_1_268' title='bbox 257 1049 264 1059; x_wconf 88' lang='lat'><em>‚</em></span> <span class='ocrx_word' id='word_1_269' title='bbox 277 1031 303 1055; x_wconf 78' lang='grc' dir='ltr'>δ(</span> <span class='ocrx_word' id='word_1_270' title='bbox 316 1027 443 1055; x_wconf 57' lang='lat' dir='ltr'>rarefacta</span> <span class='ocrx_word' id='word_1_271' title='bbox 454 1025 552 1054; x_wconf 84' lang='lat' dir='ltr'>crescit</span> <span class='ocrx_word' id='word_1_272' title='bbox 563 1048 570 1059; x_wconf 92' lang='lat'><em>‚</em></span> <span class='ocrx_word' id='word_1_273' title='bbox 581 1037 610 1054; x_wconf 87' lang='lat' dir='ltr'>ac</span> <span class='ocrx_word' id='word_1_274' title='bbox 619 1025 782 1055; x_wconf 82' lang='lat' dir='ltr'>diffunditur</span> <span class='ocrx_word' id='word_1_275' title='bbox 794 1048 800 1054; x_wconf 94' lang='lat'>.</span> <span class='ocrx_word' id='word_1_276' title='bbox 823 1028 906 1056; x_wconf 66' lang='lat' dir='ltr'>Caetc</span> 
     </span>
     <span class='ocr_line' id='line_1_38' title="bbox 118 1067 918 1107; baseline 0.004 -13"><span class='ocrx_word' id='word_1_277' title='bbox 118 1077 177 1095; x_wconf 86' lang='lat' dir='ltr'>rum</span> <span class='ocrx_word' id='word_1_278' title='bbox 189 1067 259 1105; x_wconf 74' lang='lat' dir='ltr'>apud</span> <span class='ocrx_word' id='word_1_279' title='bbox 271 1068 427 1107; x_wconf 82' lang='lat' dir='ltr'>Torrigiuni</span> <span class='ocrx_word' id='word_1_280' title='bbox 441 1067 500 1094; x_wconf 68' lang='lat' dir='ltr'>loco</span> <span class='ocrx_word' id='word_1_281' title='bbox 510 1067 555 1095; x_wconf 87' lang='lat' dir='ltr'>cit.</span> <span class='ocrx_word' id='word_1_282' title='bbox 565 1077 625 1106; x_wconf 84' lang='lat' dir='ltr'>pag.</span> <span class='ocrx_word' id='word_1_283' title='bbox 640 1077 704 1102; x_wconf 84' lang='lat'>505.</span> <span class='ocrx_word' id='word_1_284' title='bbox 717 1068 746 1095; x_wconf 91' lang='lat' dir='ltr'>in</span> <span class='ocrx_word' id='word_1_285' title='bbox 757 1068 851 1105; x_wconf 83' lang='lat' dir='ltr'>privil.</span> <span class='ocrx_word' id='word_1_286' title='bbox 863 1070 918 1097; x_wconf 81' lang='lat' dir='ltr'>Ca-</span> 
     </span>
     <span class='ocr_line' id='line_1_39' title="bbox 118 1107 919 1146; baseline 0.001 -11"><span class='ocrx_word' id='word_1_287' title='bbox 118 1109 171 1136; x_wconf 87' lang='lat' dir='ltr'>roli</span> <span class='ocrx_word' id='word_1_288' title='bbox 182 1107 278 1146; x_wconf 83' lang='lat' dir='ltr'>Magni</span> <span class='ocrx_word' id='word_1_289' title='bbox 289 1107 401 1136; x_wconf 78' lang='lat' dir='ltr'>habetur</span> <span class='ocrx_word' id='word_1_290' title='bbox 413 1120 418 1135; x_wconf 94' lang='lat'>:</span> <span class='ocrx_word' id='word_1_291' title='bbox 433 1113 444 1142; x_wconf 91' lang='lat'>[</span> <span class='ocrx_word' id='word_1_292' title='bbox 456 1108 577 1135; x_wconf 65' lang='lat' dir='ltr'>l-&#39;ecimus</span> <span class='ocrx_word' id='word_1_293' title='bbox 590 1109 626 1136; x_wconf 84' lang='lat' dir='ltr'>ibi</span> <span class='ocrx_word' id='word_1_294' title='bbox 637 1118 690 1136; x_wconf 84' lang='lat' dir='ltr'>tres</span> <span class='ocrx_word' id='word_1_295' title='bbox 701 1110 804 1137; x_wconf 81' lang='lat' dir='ltr'>Cruces</span> <span class='ocrx_word' id='word_1_296' title='bbox 816 1131 823 1142; x_wconf 90' lang='lat'><em>‚</em></span> <span class='ocrx_word' id='word_1_297' title='bbox 838 1119 919 1136; x_wconf 81' lang='lat' dir='ltr'>unam</span> 
     </span>
     <span class='ocr_line' id='line_1_40' title="bbox 117 1148 919 1188; baseline 0.002 -12"><span class='ocrx_word' id='word_1_298' title='bbox 117 1158 274 1188; x_wconf 81' lang='lat' dir='ltr'>argenteam</span> <span class='ocrx_word' id='word_1_299' title='bbox 283 1159 344 1177; x_wconf 91' lang='lat' dir='ltr'>cum</span> <span class='ocrx_word' id='word_1_300' title='bbox 355 1158 454 1188; x_wconf 81' lang='lat' dir='ltr'>gavata</span> <span class='ocrx_word' id='word_1_301' title='bbox 463 1169 470 1180; x_wconf 90' lang='lat'><em>,</em></span> <span class='ocrx_word' id='word_1_302' title='bbox 482 1158 587 1176; x_wconf 69' lang='lat' dir='ltr'>auream</span> <span class='ocrx_word' id='word_1_303' title='bbox 598 1148 743 1177; x_wconf 79' lang='lat' dir='ltr'>habentem</span> <span class='ocrx_word' id='word_1_304' title='bbox 755 1151 812 1178; x_wconf 77' lang='lat' dir='ltr'>aui-i</span> <span class='ocrx_word' id='word_1_305' title='bbox 823 1150 919 1178; x_wconf 79' lang='lat' dir='ltr'>libram</span> 
     </span>
    </p>
   </div>
   <div class='ocr_carea' id='block_1_9' title="bbox 922 493 937 1161">
    <p class='ocr_par' dir='ltr' id='par_1_9' title="bbox 922 493 937 1161">
     <span class='ocr_line' id='line_1_41' title="bbox 922 493 937 642; baseline 0 0"><span class='ocrx_word' id='word_1_306' title='bbox 922 493 937 642; x_wconf 95' lang='lat' dir='ltr'>    </span> 
     </span>
     <span class='ocr_line' id='line_1_42' title="bbox 922 883 935 1047; baseline 0 -3"><span class='ocrx_word' id='word_1_307' title='bbox 922 883 935 1047; x_wconf 95' lang='lat' dir='ltr'>     </span> 
     </span>
     <span class='ocr_line' id='line_1_43' title="bbox 922 1047 935 1161; baseline 0 -34"><span class='ocrx_word' id='word_1_308' title='bbox 922 1047 935 1161; x_wconf 95' lang='lat' dir='ltr'>  </span> 
     </span>
    </p>
   </div>
   <div class='ocr_carea' id='block_1_10' title="bbox 979 461 1784 623">
    <p class='ocr_par' dir='ltr' id='par_1_10' title="bbox 979 461 1784 623">
     <span class='ocr_line' id='line_1_44' title="bbox 979 461 1784 503; baseline 0.012 -14"><span class='ocrx_word' id='word_1_309' title='bbox 979 461 1038 490; x_wconf 90' lang='lat' dir='ltr'>tine</span> <span class='ocrx_word' id='word_1_310' title='bbox 1051 461 1128 491; x_wconf 81' lang='lat' dir='ltr'>sonat</span> <span class='ocrx_word' id='word_1_311' title='bbox 1140 467 1182 492; x_wconf 67' lang='lat' dir='ltr'>Vir</span> <span class='ocrx_word' id='word_1_312' title='bbox 1192 467 1259 498; x_wconf 74' lang='lat' dir='ltr'>Dei5</span> <span class='ocrx_word' id='word_1_313' title='bbox 1270 474 1331 492; x_wconf 82' lang='lat' dir='ltr'>nam</span> <span class='ocrx_word' id='word_1_314' title='bbox 1342 474 1371 493; x_wconf 86' lang='lat' dir='ltr'>ut</span> <span class='ocrx_word' id='word_1_315' title='bbox 1380 464 1494 494; x_wconf 83' lang='lat' dir='ltr'>habetur</span> <span class='ocrx_word' id='word_1_316' title='bbox 1504 467 1534 495; x_wconf 89' lang='lat' dir='ltr'>in</span> <span class='ocrx_word' id='word_1_317' title='bbox 1546 466 1616 497; x_wconf 82' lang='lat' dir='ltr'>Isaia</span> <span class='ocrx_word' id='word_1_318' title='bbox 1627 480 1668 499; x_wconf 82' lang='lat' dir='ltr'>c.z</span> <span class='ocrx_word' id='word_1_319' title='bbox 1676 481 1732 499; x_wconf 52' lang='grc' dir='ltr'>μη.</span> <span class='ocrx_word' id='word_1_320' title='bbox 1741 482 1748 499; x_wconf 82' lang='grc' dir='ltr'>ι</span> <span class='ocrx_word' id='word_1_321' title='bbox 1757 483 1784 503; x_wconf 89' lang='lat'>7.</span> 
     </span>
     <span class='ocr_line' id='line_1_45' title="bbox 980 501 1780 548; baseline 0.013 -18"><span class='ocrx_word' id='word_1_322' title='bbox 980 501 1067 531; x_wconf 68' lang='lat' dir='ltr'>dictio</span> <span class='ocrx_word' id='word_1_323' title='bbox 1086 504 1176 532; x_wconf 82' lang='lat' dir='ltr'>Gaber</span> <span class='ocrx_word' id='word_1_324' title='bbox 1185 503 1270 532; x_wconf 85' lang='lat' dir='ltr'>homo</span> <span class='ocrx_word' id='word_1_325' title='bbox 1290 505 1476 545; x_wconf 69' lang='lat' dir='ltr'>intelligitur5</span> <span class='ocrx_word' id='word_1_326' title='bbox 1499 508 1573 536; x_wconf 84' lang='lat' dir='ltr'>unde</span> <span class='ocrx_word' id='word_1_327' title='bbox 1593 510 1687 548; x_wconf 86' lang='lat' dir='ltr'>legunt</span> <span class='ocrx_word' id='word_1_328' title='bbox 1699 512 1780 540; x_wconf 80' lang='lat' dir='ltr'><strong>Lxx.</strong></span> 
     </span>
     <span class='ocr_line' id='line_1_46' title="bbox 980 544 1782 584; baseline 0.007 -14"><span class='ocrx_word' id='word_1_329' title='bbox 980 548 992 577; x_wconf 93' lang='lat'>[</span> <span class='ocrx_word' id='word_1_330' title='bbox 1005 544 1100 571; x_wconf 90' lang='lat' dir='ltr'>Homo</span> <span class='ocrx_word' id='word_1_331' title='bbox 1111 565 1118 577; x_wconf 91' lang='lat'><em>‚</em></span> <span class='ocrx_word' id='word_1_332' title='bbox 1130 544 1176 582; x_wconf 89' lang='lat' dir='ltr'>qui</span> <span class='ocrx_word' id='word_1_333' title='bbox 1187 555 1243 573; x_wconf 90' lang='lat' dir='ltr'>non</span> <span class='ocrx_word' id='word_1_334' title='bbox 1254 544 1454 584; x_wconf 73' lang='lat' dir='ltr'>prosperabitur</span> <span class='ocrx_word' id='word_1_335' title='bbox 1465 567 1471 574; x_wconf 94' lang='lat'>.</span> <span class='ocrx_word' id='word_1_336' title='bbox 1482 548 1493 578; x_wconf 92' lang='grc'>]</span> <span class='ocrx_word' id='word_1_337' title='bbox 1505 552 1532 577; x_wconf 74' lang='grc' dir='ltr'>δι</span> <span class='ocrx_word' id='word_1_338' title='bbox 1544 550 1578 577; x_wconf 78' lang='grc' dir='ltr'>Εἰ</span> <span class='ocrx_word' id='word_1_339' title='bbox 1588 551 1663 579; x_wconf 80' lang='lat' dir='ltr'>Deus</span> <span class='ocrx_word' id='word_1_340' title='bbox 1674 550 1782 580; x_wconf 75' lang='lat' dir='ltr'>hebrai.</span> 
     </span>
     <span class='ocr_line' id='line_1_47' title="bbox 979 583 1779 623; baseline 0.015 -13"><span class='ocrx_word' id='word_1_341' title='bbox 979 593 1009 611; x_wconf 87' lang='lat' dir='ltr'>ce</span> <span class='ocrx_word' id='word_1_342' title='bbox 1018 583 1135 612; x_wconf 84' lang='lat' dir='ltr'>dicitnr:</span> <span class='ocrx_word' id='word_1_343' title='bbox 1158 595 1241 623; x_wconf 82' lang='lat' dir='ltr'>quare</span> <span class='ocrx_word' id='word_1_344' title='bbox 1253 588 1278 614; x_wconf 84' lang='lat' dir='ltr'>S.</span> <span class='ocrx_word' id='word_1_345' title='bbox 1290 587 1401 615; x_wconf 82' lang='lat' dir='ltr'>Proeliis</span> <span class='ocrx_word' id='word_1_346' title='bbox 1416 597 1484 616; x_wconf 82' lang='lat' dir='ltr'>orat.</span> <span class='ocrx_word' id='word_1_347' title='bbox 1500 599 1522 616; x_wconf 84' lang='lat'>{-</span> <span class='ocrx_word' id='word_1_348' title='bbox 1535 590 1562 617; x_wconf 91' lang='lat' dir='ltr'>in</span> <span class='ocrx_word' id='word_1_349' title='bbox 1574 590 1682 620; x_wconf 88' lang='lat' dir='ltr'>laudcin</span> <span class='ocrx_word' id='word_1_350' title='bbox 1694 594 1729 621; x_wconf 93' lang='lat' dir='ltr'>V.</span> <span class='ocrx_word' id='word_1_351' title='bbox 1741 594 1779 622; x_wconf 89' lang='lat' dir='ltr'>M.</span> 
     </span>
    </p>
   </div>
   <div class='ocr_carea' id='block_1_11' title="bbox 963 623 1781 668">
    <p class='ocr_par' dir='ltr' id='par_1_11' title="bbox 963 623 1781 668">
     <span class='ocr_line' id='line_1_48' title="bbox 963 623 1781 668; baseline 0.015 -18"><span class='ocrx_word' id='word_1_352' title='bbox 963 623 1013 661; x_wconf 18' lang='lat' dir='ltr'>Vde</span> <span class='ocrx_word' id='word_1_353' title='bbox 1025 635 1080 659; x_wconf 60' lang='lat' dir='ltr'>ejus</span> <span class='ocrx_word' id='word_1_354' title='bbox 1093 626 1320 655; x_wconf 82' lang='lat' dir='ltr'>Annuntiationc</span> <span class='ocrx_word' id='word_1_355' title='bbox 1332 627 1445 666; x_wconf 86' lang='lat' dir='ltr'>loquens</span> <span class='ocrx_word' id='word_1_356' title='bbox 1458 651 1465 661; x_wconf 91' lang='lat'><em>,</em></span> <span class='ocrx_word' id='word_1_357' title='bbox 1487 630 1599 668; x_wconf 86' lang='lat' dir='ltr'>inquit:</span> <span class='ocrx_word' id='word_1_358' title='bbox 1613 634 1781 666; x_wconf 84' lang='lat' dir='ltr'>[Reverere</span> 
     </span>
    </p>
   </div>
   <div class='ocr_carea' id='block_1_12' title="bbox 974 663 1782 1192">
    <p class='ocr_par' dir='ltr' id='par_1_12' title="bbox 974 663 1782 1192">
     <span class='ocr_line' id='line_1_49' title="bbox 976 663 1782 708; baseline 0.014 -17"><span class='ocrx_word' id='word_1_359' title='bbox 976 663 1070 692; x_wconf 86' lang='lat' dir='ltr'>saltem</span> <span class='ocrx_word' id='word_1_360' title='bbox 1081 663 1099 692; x_wconf 86' lang='grc' dir='ltr'>ὸ</span> <span class='ocrx_word' id='word_1_361' title='bbox 1110 664 1196 694; x_wconf 89' lang='lat' dir='ltr'>homo</span> <span class='ocrx_word' id='word_1_362' title='bbox 1205 688 1212 699; x_wconf 89' lang='lat'>,</span> <span class='ocrx_word' id='word_1_363' title='bbox 1234 666 1404 707; x_wconf 77' lang='lat' dir='ltr'>Archangeli</span> <span class='ocrx_word' id='word_1_364' title='bbox 1414 669 1627 708; x_wconf 80' lang='lat' dir='ltr'>appellationem</span> <span class='ocrx_word' id='word_1_365' title='bbox 1641 685 1647 700; x_wconf 72' lang='grc' dir='ltr'>ι</span> <span class='ocrx_word' id='word_1_366' title='bbox 1672 673 1693 701; x_wconf 92' lang='lat' dir='ltr'>is</span> <span class='ocrx_word' id='word_1_367' title='bbox 1705 683 1782 702; x_wconf 82' lang='lat' dir='ltr'>nam·</span> 
     </span>
     <span class='ocr_line' id='line_1_50' title="bbox 979 705 1780 747; baseline 0.015 -16"><span class='ocrx_word' id='word_1_368' title='bbox 979 714 1031 743; x_wconf 87' lang='lat' dir='ltr'>que</span> <span class='ocrx_word' id='word_1_369' title='bbox 1041 727 1048 737; x_wconf 84' lang='lat'><em>,</em></span> <span class='ocrx_word' id='word_1_370' title='bbox 1066 705 1113 744; x_wconf 87' lang='lat' dir='ltr'>qui</span> <span class='ocrx_word' id='word_1_371' title='bbox 1127 707 1220 734; x_wconf 72' lang='lat' dir='ltr'>laetum</span> <span class='ocrx_word' id='word_1_372' title='bbox 1234 708 1313 735; x_wconf 91' lang='lat' dir='ltr'>illum</span> <span class='ocrx_word' id='word_1_373' title='bbox 1323 710 1451 738; x_wconf 89' lang='lat' dir='ltr'>nuntium</span> <span class='ocrx_word' id='word_1_374' title='bbox 1470 711 1563 739; x_wconf 51' lang='lat' dir='ltr'>Marii·</span> <span class='ocrx_word' id='word_1_375' title='bbox 1577 712 1679 741; x_wconf 86' lang='lat' dir='ltr'>detulit</span> <span class='ocrx_word' id='word_1_376' title='bbox 1690 735 1699 747; x_wconf 77' lang='lat'><em>‚</em></span> <span class='ocrx_word' id='word_1_377' title='bbox 1721 717 1780 744; x_wconf 90' lang='lat' dir='ltr'>Ga-</span> 
     </span>
     <span class='ocr_line' id='line_1_51' title="bbox 976 745 1777 792; baseline 0.012 -18"><span class='ocrx_word' id='word_1_378' title='bbox 976 745 1042 774; x_wconf 88' lang='lat' dir='ltr'>briel</span> <span class='ocrx_word' id='word_1_379' title='bbox 1054 747 1205 775; x_wconf 79' lang='lat' dir='ltr'>vocabatur.</span> <span class='ocrx_word' id='word_1_380' title='bbox 1216 751 1249 776; x_wconf 83' lang='lat' dir='ltr'>Et</span> <span class='ocrx_word' id='word_1_381' title='bbox 1259 749 1324 787; x_wconf 85' lang='lat' dir='ltr'>quid</span> <span class='ocrx_word' id='word_1_382' title='bbox 1334 750 1429 787; x_wconf 74' lang='lat' dir='ltr'>qiiaeso</span> <span class='ocrx_word' id='word_1_383' title='bbox 1442 751 1553 780; x_wconf 81' lang='lat' dir='ltr'>Gabriel</span> <span class='ocrx_word' id='word_1_384' title='bbox 1564 752 1777 792; x_wconf 84' lang='lat' dir='ltr'>interpretatum</span> 
     </span>
     <span class='ocr_line' id='line_1_52' title="bbox 979 785 1779 833; baseline 0.015 -20"><span class='ocrx_word' id='word_1_385' title='bbox 979 785 1077 815; x_wconf 80' lang='lat' dir='ltr'>sonat?</span> <span class='ocrx_word' id='word_1_386' title='bbox 1089 787 1191 826; x_wconf 78' lang='lat' dir='ltr'>Arrige</span> <span class='ocrx_word' id='word_1_387' title='bbox 1200 799 1274 817; x_wconf 77' lang='lat' dir='ltr'>:iures</span> <span class='ocrx_word' id='word_1_388' title='bbox 1286 810 1294 821; x_wconf 83' lang='grc'><em>,</em></span> <span class='ocrx_word' id='word_1_389' title='bbox 1315 793 1341 818; x_wconf 75' lang='grc' dir='ltr'>δ(</span> <span class='ocrx_word' id='word_1_390' title='bbox 1352 789 1424 818; x_wconf 89' lang='lat' dir='ltr'>disce</span> <span class='ocrx_word' id='word_1_391' title='bbox 1436 803 1441 819; x_wconf 91' lang='lat'>:</span> <span class='ocrx_word' id='word_1_392' title='bbox 1456 792 1530 819; x_wconf 82' lang='lat' dir='ltr'>Deus</span> <span class='ocrx_word' id='word_1_393' title='bbox 1542 793 1665 823; x_wconf 81' lang='lat' dir='ltr'>&amp;homo</span> <span class='ocrx_word' id='word_1_394' title='bbox 1675 816 1682 823; x_wconf 94' lang='lat'><strong>.</strong></span> <span class='ocrx_word' id='word_1_395' title='bbox 1706 796 1779 833; x_wconf 82' lang='lat' dir='ltr'>Quia</span> 
     </span>
     <span class='ocr_line' id='line_1_53' title="bbox 976 826 1779 867; baseline 0.015 -13"><span class='ocrx_word' id='word_1_396' title='bbox 976 826 1066 864; x_wconf 74' lang='lat' dir='ltr'>itaque</span> <span class='ocrx_word' id='word_1_397' title='bbox 1078 826 1126 855; x_wconf 89' lang='lat' dir='ltr'>ille</span> <span class='ocrx_word' id='word_1_398' title='bbox 1138 850 1145 861; x_wconf 96' lang='lat'><em>‚</em></span> <span class='ocrx_word' id='word_1_399' title='bbox 1156 839 1236 866; x_wconf 88' lang='lat' dir='ltr'>quem</span> <span class='ocrx_word' id='word_1_400' title='bbox 1246 831 1424 859; x_wconf 74' lang='lat' dir='ltr'>annuntiabat</span> <span class='ocrx_word' id='word_1_401' title='bbox 1439 832 1528 862; x_wconf 67' lang='lat' dir='ltr'>„Deus</span> <span class='ocrx_word' id='word_1_402' title='bbox 1540 842 1597 862; x_wconf 88' lang='lat' dir='ltr'>erat</span> <span class='ocrx_word' id='word_1_403' title='bbox 1609 856 1616 867; x_wconf 89' lang='lat'><em>,</em></span> <span class='ocrx_word' id='word_1_404' title='bbox 1635 839 1662 864; x_wconf 74' lang='grc' dir='ltr'>ὅ(</span> <span class='ocrx_word' id='word_1_405' title='bbox 1673 835 1758 865; x_wconf 86' lang='lat' dir='ltr'>homo</span> <span class='ocrx_word' id='word_1_406' title='bbox 1770 848 1779 866; x_wconf 65' lang='grc' dir='ltr'>ς</span> 
     </span>
     <span class='ocr_line' id='line_1_54' title="bbox 976 866 1780 912; baseline 0.012 -18"><span class='ocrx_word' id='word_1_407' title='bbox 976 877 1030 905; x_wconf 92' lang='lat' dir='ltr'>quo</span> <span class='ocrx_word' id='word_1_408' title='bbox 1043 866 1148 896; x_wconf 80' lang='lat' dir='ltr'>facilius</span> <span class='ocrx_word' id='word_1_409' title='bbox 1158 868 1369 908; x_wconf 84' lang='lat' dir='ltr'>dispensationis</span> <span class='ocrx_word' id='word_1_410' title='bbox 1379 871 1538 906; x_wconf 84' lang='lat' dir='ltr'>mysterium</span> <span class='ocrx_word' id='word_1_411' title='bbox 1549 874 1707 912; x_wconf 82' lang='lat' dir='ltr'>persuadeat</span> <span class='ocrx_word' id='word_1_412' title='bbox 1719 899 1727 910; x_wconf 94' lang='lat'><em>‚</em></span> <span class='ocrx_word' id='word_1_413' title='bbox 1738 877 1780 906; x_wconf 85' lang='lat' dir='ltr'>rei</span> 
     </span>
     <span class='ocr_line' id='line_1_55' title="bbox 977 908 1778 952; baseline 0.014 -17"><span class='ocrx_word' id='word_1_414' title='bbox 977 908 1139 937; x_wconf 82' lang='lat' dir='ltr'>miraculum</span> <span class='ocrx_word' id='word_1_415' title='bbox 1149 911 1292 939; x_wconf 81' lang='lat' dir='ltr'>notatione</span> <span class='ocrx_word' id='word_1_416' title='bbox 1303 912 1423 940; x_wconf 82' lang='lat' dir='ltr'>nominis</span> <span class='ocrx_word' id='word_1_417' title='bbox 1433 912 1565 952; x_wconf 73' lang='lat' dir='ltr'>anticipat</span> <span class='ocrx_word' id='word_1_418' title='bbox 1576 937 1583 943; x_wconf 91' lang='lat'>.</span> <span class='ocrx_word' id='word_1_419' title='bbox 1597 919 1609 948; x_wconf 80' lang='lat' dir='ltr'>J</span> <span class='ocrx_word' id='word_1_420' title='bbox 1634 917 1687 945; x_wconf 90' lang='lat' dir='ltr'>Sed</span> <span class='ocrx_word' id='word_1_421' title='bbox 1698 918 1778 946; x_wconf 80' lang='lat' dir='ltr'>aliter</span> 
     </span>
     <span class='ocr_line' id='line_1_56' title="bbox 977 949 1778 997; baseline 0.012 -20"><span class='ocrx_word' id='word_1_422' title='bbox 977 949 1015 977; x_wconf 90' lang='lat' dir='ltr'>D.</span> <span class='ocrx_word' id='word_1_423' title='bbox 1030 949 1221 984; x_wconf 75' lang='lat' dir='ltr'>Hieronymus</span> <span class='ocrx_word' id='word_1_424' title='bbox 1232 973 1239 984; x_wconf 89' lang='lat'><em>,</em></span> <span class='ocrx_word' id='word_1_425' title='bbox 1259 952 1307 990; x_wconf 87' lang='lat' dir='ltr'>qui</span> <span class='ocrx_word' id='word_1_426' title='bbox 1319 953 1353 981; x_wconf 86' lang='lat' dir='ltr'>sic</span> <span class='ocrx_word' id='word_1_427' title='bbox 1364 952 1473 991; x_wconf 86' lang='lat' dir='ltr'>inquit:</span> <span class='ocrx_word' id='word_1_428' title='bbox 1497 956 1633 989; x_wconf 79' lang='lat' dir='ltr'>[Gabriel</span> <span class='ocrx_word' id='word_1_429' title='bbox 1646 957 1778 997; x_wconf 78' lang='lat' dir='ltr'>inliiigua</span> 
     </span>
     <span class='ocr_line' id='line_1_57' title="bbox 977 989 1778 1033; baseline 0.015 -17"><span class='ocrx_word' id='word_1_430' title='bbox 977 989 1066 1017; x_wconf 82' lang='lat' dir='ltr'>nostra</span> <span class='ocrx_word' id='word_1_431' title='bbox 1075 990 1194 1019; x_wconf 86' lang='lat' dir='ltr'>vertitur</span> <span class='ocrx_word' id='word_1_432' title='bbox 1202 993 1350 1021; x_wconf 78' lang='lat' dir='ltr'>Fortitudo</span> <span class='ocrx_word' id='word_1_433' title='bbox 1362 997 1414 1021; x_wconf 86' lang='lat' dir='ltr'>Dei</span> <span class='ocrx_word' id='word_1_434' title='bbox 1430 1015 1437 1025; x_wconf 93' lang='lat'>,</span> <span class='ocrx_word' id='word_1_435' title='bbox 1448 995 1494 1022; x_wconf 76' lang='lat' dir='ltr'>vel</span> <span class='ocrx_word' id='word_1_436' title='bbox 1505 997 1634 1033; x_wconf 79' lang='lat' dir='ltr'>Robustus</span> <span class='ocrx_word' id='word_1_437' title='bbox 1644 1002 1717 1027; x_wconf 86' lang='lat' dir='ltr'>Dei:</span> <span class='ocrx_word' id='word_1_438' title='bbox 1728 1010 1778 1027; x_wconf 87' lang='lat' dir='ltr'>un-</span> 
     </span>
     <span class='ocr_line' id='line_1_58' title="bbox 975 1029 1779 1071; baseline 0.015 -14"><span class='ocrx_word' id='word_1_439' title='bbox 975 1029 1009 1057; x_wconf 87' lang='lat' dir='ltr'>de</span> <span class='ocrx_word' id='word_1_440' title='bbox 1020 1040 1054 1057; x_wconf 82' lang='lat' dir='ltr'>eo</span> <span class='ocrx_word' id='word_1_441' title='bbox 1066 1040 1192 1069; x_wconf 87' lang='lat' dir='ltr'>tempore</span> <span class='ocrx_word' id='word_1_442' title='bbox 1202 1054 1209 1065; x_wconf 86' lang='lat'><em>‚</em></span> <span class='ocrx_word' id='word_1_443' title='bbox 1227 1043 1282 1070; x_wconf 89' lang='lat' dir='ltr'>quo</span> <span class='ocrx_word' id='word_1_444' title='bbox 1293 1043 1349 1061; x_wconf 84' lang='lat' dir='ltr'>erat</span> <span class='ocrx_word' id='word_1_445' title='bbox 1360 1034 1497 1062; x_wconf 82' lang='lat' dir='ltr'>Dominus</span> <span class='ocrx_word' id='word_1_446' title='bbox 1509 1035 1657 1066; x_wconf 80' lang='lat' dir='ltr'>nasciturus</span> <span class='ocrx_word' id='word_1_447' title='bbox 1669 1060 1677 1071; x_wconf 92' lang='lat'><em>‚</em></span> <span class='ocrx_word' id='word_1_448' title='bbox 1697 1043 1725 1067; x_wconf 78' lang='grc' dir='ltr'>ὅ(</span> <span class='ocrx_word' id='word_1_449' title='bbox 1735 1039 1779 1068; x_wconf 87' lang='lat' dir='ltr'>in-</span> 
     </span>
     <span class='ocr_line' id='line_1_59' title="bbox 974 1070 1776 1115; baseline 0.014 -17"><span class='ocrx_word' id='word_1_450' title='bbox 974 1070 1092 1098; x_wconf 53' lang='lat' dir='ltr'>dicturus</span> <span class='ocrx_word' id='word_1_451' title='bbox 1102 1071 1204 1100; x_wconf 79' lang='lat' dir='ltr'>bellum</span> <span class='ocrx_word' id='word_1_452' title='bbox 1213 1073 1398 1106; x_wconf 67' lang='lat' dir='ltr'>dismonibus,</span> <span class='ocrx_word' id='word_1_453' title='bbox 1422 1078 1449 1102; x_wconf 71' lang='grc' dir='ltr'>ὃ(</span> <span class='ocrx_word' id='word_1_454' title='bbox 1461 1075 1678 1115; x_wconf 76' lang='lat' dir='ltr'>triumphaturus</span> <span class='ocrx_word' id='word_1_455' title='bbox 1691 1080 1719 1108; x_wconf 92' lang='lat' dir='ltr'>vi</span> <span class='ocrx_word' id='word_1_456' title='bbox 1742 1081 1776 1109; x_wconf 84' lang='lat' dir='ltr'>de</span> 
     </span>
     <span class='ocr_line' id='line_1_60' title="bbox 977 1111 1777 1150; baseline 0.016 -13"><span class='ocrx_word' id='word_1_457' title='bbox 977 1111 1079 1139; x_wconf 88' lang='lat' dir='ltr'>mundo</span> <span class='ocrx_word' id='word_1_458' title='bbox 1089 1123 1095 1139; x_wconf 85' lang='lat'>:</span> <span class='ocrx_word' id='word_1_459' title='bbox 1107 1113 1219 1142; x_wconf 83' lang='lat' dir='ltr'>Gabriel</span> <span class='ocrx_word' id='word_1_460' title='bbox 1232 1113 1308 1143; x_wconf 84' lang='lat' dir='ltr'>venit</span> <span class='ocrx_word' id='word_1_461' title='bbox 1318 1114 1351 1142; x_wconf 85' lang='lat' dir='ltr'>ad</span> <span class='ocrx_word' id='word_1_462' title='bbox 1361 1114 1541 1150; x_wconf 82' lang='lat' dir='ltr'>Zachariam,</span> <span class='ocrx_word' id='word_1_463' title='bbox 1551 1121 1579 1146; x_wconf 64' lang='grc' dir='ltr'>ἃ</span> <span class='ocrx_word' id='word_1_464' title='bbox 1591 1120 1707 1148; x_wconf 86' lang='lat' dir='ltr'>Mariam</span> <span class='ocrx_word' id='word_1_465' title='bbox 1719 1132 1727 1149; x_wconf 79' lang='grc'>.-</span> <span class='ocrx_word' id='word_1_466' title='bbox 1741 1123 1777 1150; x_wconf 89' lang='lat' dir='ltr'>In</span> 
     </span>
     <span class='ocr_line' id='line_1_61' title="bbox 976 1152 1256 1192; baseline 0.014 -14"><span class='ocrx_word' id='word_1_467' title='bbox 976 1152 1050 1179; x_wconf 78' lang='lat' dir='ltr'>Dan.</span> <span class='ocrx_word' id='word_1_468' title='bbox 1062 1152 1108 1180; x_wconf 88' lang='lat' dir='ltr'>lib.</span> <span class='ocrx_word' id='word_1_469' title='bbox 1123 1164 1146 1181; x_wconf 82' lang='lat' dir='ltr'>i.</span> <span class='ocrx_word' id='word_1_470' title='bbox 1159 1163 1216 1192; x_wconf 80' lang='lat' dir='ltr'>cap.</span> <span class='ocrx_word' id='word_1_471' title='bbox 1232 1159 1256 1182; x_wconf 82' lang='lat'>8.</span> 
     </span>
    </p>
   </div>
   <div class='ocr_carea' id='block_1_13' title="bbox 119 1189 1778 1236">
    <p class='ocr_par' dir='ltr' id='par_1_13' title="bbox 119 1189 1778 1236">
     <span class='ocr_line' id='line_1_62' title="bbox 119 1189 1778 1236; baseline 0.009 -20"><span class='ocrx_word' id='word_1_472' title='bbox 119 1199 209 1221; x_wconf 74' lang='lat' dir='ltr'>unziin,</span> <span class='ocrx_word' id='word_1_473' title='bbox 219 1193 246 1217; x_wconf 78' lang='grc' dir='ltr'>δε</span> <span class='ocrx_word' id='word_1_474' title='bbox 255 1189 315 1216; x_wconf 79' lang='lat' dir='ltr'>aliae</span> <span class='ocrx_word' id='word_1_475' title='bbox 324 1190 384 1217; x_wconf 74' lang='lat' dir='ltr'>duae</span> <span class='ocrx_word' id='word_1_476' title='bbox 394 1190 508 1221; x_wconf 80' lang='lat' dir='ltr'>Cruces,</span> <span class='ocrx_word' id='word_1_477' title='bbox 519 1197 655 1226; x_wconf 74' lang='lat' dir='ltr'>argenteae</span> <span class='ocrx_word' id='word_1_478' title='bbox 666 1199 727 1217; x_wconf 90' lang='lat' dir='ltr'>cum</span> <span class='ocrx_word' id='word_1_479' title='bbox 738 1191 844 1229; x_wconf 81' lang='lat' dir='ltr'>gavatis</span> <span class='ocrx_word' id='word_1_480' title='bbox 855 1190 917 1223; x_wconf 79' lang='lat' dir='ltr'>sui5‚</span> <span class='ocrx_word' id='word_1_481' title='bbox 936 1193 1061 1220; x_wconf 51' lang='lat' dir='ltr'>Gauium</span> <span class='ocrx_word' id='word_1_482' title='bbox 1074 1214 1081 1224; x_wconf 89' lang='lat'><em>‚</em></span> <span class='ocrx_word' id='word_1_483' title='bbox 1101 1193 1200 1232; x_wconf 86' lang='lat' dir='ltr'>pignus</span> <span class='ocrx_word' id='word_1_484' title='bbox 1211 1216 1218 1227; x_wconf 90' lang='lat'><em>‚</em></span> <span class='ocrx_word' id='word_1_485' title='bbox 1239 1195 1294 1224; x_wconf 83' lang='lat' dir='ltr'>sive</span> <span class='ocrx_word' id='word_1_486' title='bbox 1304 1195 1382 1224; x_wconf 74' lang='lat' dir='ltr'>arrha</span> <span class='ocrx_word' id='word_1_487' title='bbox 1394 1218 1400 1228; x_wconf 93' lang='lat'><em>,</em></span> <span class='ocrx_word' id='word_1_488' title='bbox 1425 1201 1452 1226; x_wconf 72' lang='grc' dir='ltr'>ὃ(</span> <span class='ocrx_word' id='word_1_489' title='bbox 1463 1197 1618 1236; x_wconf 83' lang='lat' dir='ltr'>specialiter</span> <span class='ocrx_word' id='word_1_490' title='bbox 1638 1200 1666 1228; x_wconf 87' lang='lat' dir='ltr'>in</span> <span class='ocrx_word' id='word_1_491' title='bbox 1678 1201 1778 1231; x_wconf 80' lang='lat' dir='ltr'>duellis</span> 
     </span>
    </p>
   </div>
   <div class='ocr_carea' id='block_1_14' title="bbox 115 1229 919 1714">
    <p class='ocr_par' dir='ltr' id='par_1_14' title="bbox 115 1229 919 1714">
     <span class='ocr_line' id='line_1_63' title="bbox 116 1229 918 1267; baseline 0.001 -10"><span class='ocrx_word' id='word_1_492' title='bbox 116 1229 262 1258; x_wconf 82' lang='lat' dir='ltr'>habentem</span> <span class='ocrx_word' id='word_1_493' title='bbox 271 1229 416 1258; x_wconf 90' lang='lat' dir='ltr'>duodecim</span> <span class='ocrx_word' id='word_1_494' title='bbox 425 1229 504 1257; x_wconf 86' lang='lat' dir='ltr'>libras</span> <span class='ocrx_word' id='word_1_495' title='bbox 512 1230 618 1267; x_wconf 85' lang='lat' dir='ltr'>argenti</span> <span class='ocrx_word' id='word_1_496' title='bbox 631 1240 722 1263; x_wconf 80' lang='lat' dir='ltr'>unam,</span> <span class='ocrx_word' id='word_1_497' title='bbox 734 1235 762 1259; x_wconf 73' lang='grc' dir='ltr'>δ(</span> <span class='ocrx_word' id='word_1_498' title='bbox 771 1231 918 1259; x_wconf 85' lang='lat' dir='ltr'>duodecim</span> 
     </span>
     <span class='ocr_line' id='line_1_64' title="bbox 117 1269 917 1309; baseline 0.003 -11"><span class='ocrx_word' id='word_1_499' title='bbox 117 1270 223 1308; x_wconf 80' lang='lat' dir='ltr'>argenti</span> <span class='ocrx_word' id='word_1_500' title='bbox 233 1271 346 1298; x_wconf 82' lang='lat' dir='ltr'>alteram</span> <span class='ocrx_word' id='word_1_501' title='bbox 355 1292 362 1303; x_wconf 88' lang='lat'><em>‚</em></span> <span class='ocrx_word' id='word_1_502' title='bbox 373 1274 400 1299; x_wconf 67' lang='grc' dir='ltr'>ὃ(</span> <span class='ocrx_word' id='word_1_503' title='bbox 411 1279 521 1309; x_wconf 76' lang='lat' dir='ltr'>gavatas</span> <span class='ocrx_word' id='word_1_504' title='bbox 533 1269 588 1297; x_wconf 86' lang='lat' dir='ltr'>duo</span> <span class='ocrx_word' id='word_1_505' title='bbox 599 1270 645 1298; x_wconf 85' lang='lat' dir='ltr'>lib.</span> <span class='ocrx_word' id='word_1_506' title='bbox 658 1271 766 1309; x_wconf 84' lang='lat' dir='ltr'>:ii-genti</span> <span class='ocrx_word' id='word_1_507' title='bbox 780 1282 860 1300; x_wconf 73' lang='lat' dir='ltr'>unani</span> <span class='ocrx_word' id='word_1_508' title='bbox 871 1293 879 1304; x_wconf 90' lang='lat'>‚</span> <span class='ocrx_word' id='word_1_509' title='bbox 891 1276 917 1300; x_wconf 70' lang='grc' dir='ltr'>δε</span> 
     </span>
     <span class='ocr_line' id='line_1_65' title="bbox 116 1310 917 1351; baseline 0.001 -12"><span class='ocrx_word' id='word_1_510' title='bbox 116 1310 245 1339; x_wconf 71' lang='lat' dir='ltr'>{imiliter</span> <span class='ocrx_word' id='word_1_511' title='bbox 254 1313 281 1338; x_wconf 73' lang='grc' dir='ltr'>δε</span> <span class='ocrx_word' id='word_1_512' title='bbox 292 1311 404 1339; x_wconf 81' lang='lat' dir='ltr'>alteram</span> <span class='ocrx_word' id='word_1_513' title='bbox 416 1313 427 1342; x_wconf 94' lang='lat'>]</span> <span class='ocrx_word' id='word_1_514' title='bbox 448 1310 600 1339; x_wconf 82' lang='lat' dir='ltr'>&amp;inferius</span> <span class='ocrx_word' id='word_1_515' title='bbox 611 1330 618 1337; x_wconf 88' lang='lat'>.</span> <span class='ocrx_word' id='word_1_516' title='bbox 639 1312 797 1340; x_wconf 59' lang='lat' dir='ltr'>Duodecim</span> <span class='ocrx_word' id='word_1_517' title='bbox 806 1322 917 1351; x_wconf 79' lang='lat' dir='ltr'>gavatas</span> 
     </span>
     <span class='ocr_line' id='line_1_66' title="bbox 115 1351 918 1389; baseline 0.002 -10"><span class='ocrx_word' id='word_1_518' title='bbox 115 1351 171 1379; x_wconf 88' lang='lat' dir='ltr'>duo</span> <span class='ocrx_word' id='word_1_519' title='bbox 181 1361 272 1379; x_wconf 86' lang='lat' dir='ltr'>aureas</span> <span class='ocrx_word' id='word_1_520' title='bbox 282 1372 289 1384; x_wconf 95' lang='lat'><em>‚</em></span> <span class='ocrx_word' id='word_1_521' title='bbox 311 1355 339 1380; x_wconf 65' lang='grc' dir='ltr'>ὅς</span> <span class='ocrx_word' id='word_1_522' title='bbox 351 1351 443 1380; x_wconf 90' lang='lat' dir='ltr'>decem</span> <span class='ocrx_word' id='word_1_523' title='bbox 455 1351 489 1378; x_wconf 89' lang='lat' dir='ltr'>de</span> <span class='ocrx_word' id='word_1_524' title='bbox 499 1360 615 1389; x_wconf 76' lang='lat' dir='ltr'>argento</span> <span class='ocrx_word' id='word_1_525' title='bbox 625 1362 685 1379; x_wconf 84' lang='lat' dir='ltr'>cuin</span> <span class='ocrx_word' id='word_1_526' title='bbox 703 1353 806 1381; x_wconf 80' lang='lat' dir='ltr'>catenis</span> <span class='ocrx_word' id='word_1_527' title='bbox 816 1354 850 1381; x_wconf 91' lang='lat' dir='ltr'>dc</span> <span class='ocrx_word' id='word_1_528' title='bbox 862 1354 918 1381; x_wconf 88' lang='lat' dir='ltr'>ori-</span> 
     </span>
     <span class='ocr_line' id='line_1_67' title="bbox 116 1392 919 1428; baseline 0.002 -9"><span class='ocrx_word' id='word_1_529' title='bbox 116 1392 214 1423; x_wconf 87' lang='lat' dir='ltr'>calco]</span> <span class='ocrx_word' id='word_1_530' title='bbox 227 1393 264 1426; x_wconf 82' lang='grc' dir='ltr'>;ΙΙ;</span> <span class='ocrx_word' id='word_1_531' title='bbox 278 1394 349 1421; x_wconf 87' lang='lat' dir='ltr'>Item</span> <span class='ocrx_word' id='word_1_532' title='bbox 361 1392 490 1420; x_wconf 74' lang='lat' dir='ltr'>Gabatha</span> <span class='ocrx_word' id='word_1_533' title='bbox 501 1401 584 1420; x_wconf 86' lang='lat' dir='ltr'>etiam</span> <span class='ocrx_word' id='word_1_534' title='bbox 595 1392 714 1421; x_wconf 80' lang='lat' dir='ltr'>dicitur.</span> <span class='ocrx_word' id='word_1_535' title='bbox 737 1394 874 1428; x_wconf 81' lang='lat' dir='ltr'>[Obtulit</span> <span class='ocrx_word' id='word_1_536' title='bbox 890 1395 919 1421; x_wconf 90' lang='lat' dir='ltr'>in</span> 
     </span>
     <span class='ocr_line' id='line_1_68' title="bbox 118 1432 919 1472; baseline 0.001 -11"><span class='ocrx_word' id='word_1_537' title='bbox 118 1432 229 1461; x_wconf 77' lang='lat' dir='ltr'>Basilica</span> <span class='ocrx_word' id='word_1_538' title='bbox 249 1433 273 1461; x_wconf 84' lang='lat' dir='ltr'>S.</span> <span class='ocrx_word' id='word_1_539' title='bbox 285 1433 360 1461; x_wconf 76' lang='lat' dir='ltr'>Petri</span> <span class='ocrx_word' id='word_1_540' title='bbox 371 1433 515 1461; x_wconf 86' lang='lat' dir='ltr'>buttonem</span> <span class='ocrx_word' id='word_1_541' title='bbox 523 1433 558 1461; x_wconf 89' lang='lat' dir='ltr'>de</span> <span class='ocrx_word' id='word_1_542' title='bbox 567 1443 683 1470; x_wconf 78' lang='lat' dir='ltr'>argento</span> <span class='ocrx_word' id='word_1_543' title='bbox 693 1434 836 1472; x_wconf 72' lang='lat' dir='ltr'>purislimo</span> <span class='ocrx_word' id='word_1_544' title='bbox 858 1445 919 1462; x_wconf 89' lang='lat' dir='ltr'>cuin</span> 
     </span>
     <span class='ocr_line' id='line_1_69' title="bbox 121 1472 917 1513; baseline 0.004 -13"><span class='ocrx_word' id='word_1_545' title='bbox 121 1472 244 1510; x_wconf 81' lang='lat' dir='ltr'>gabathis</span> <span class='ocrx_word' id='word_1_546' title='bbox 263 1474 401 1511; x_wconf 78' lang='lat' dir='ltr'>argenteis</span> <span class='ocrx_word' id='word_1_547' title='bbox 412 1472 592 1510; x_wconf 86' lang='lat' dir='ltr'>pendentibus</span> <span class='ocrx_word' id='word_1_548' title='bbox 602 1474 632 1500; x_wconf 86' lang='lat' dir='ltr'>in</span> <span class='ocrx_word' id='word_1_549' title='bbox 654 1476 786 1503; x_wconf 82' lang='lat' dir='ltr'>catenulis</span> <span class='ocrx_word' id='word_1_550' title='bbox 796 1475 899 1513; x_wconf 86' lang='lat' dir='ltr'>septem</span> <span class='ocrx_word' id='word_1_551' title='bbox 911 1497 917 1502; x_wconf 94' lang='lat'>.</span> 
     </span>
     <span class='ocr_line' id='line_1_70' title="bbox 119 1513 918 1551; baseline 0.006 -12"><span class='ocrx_word' id='word_1_552' title='bbox 119 1513 213 1541; x_wconf 78' lang='lat' dir='ltr'>Anast-</span> <span class='ocrx_word' id='word_1_553' title='bbox 238 1513 371 1540; x_wconf 82' lang='lat' dir='ltr'>Biblioth.</span> <span class='ocrx_word' id='word_1_554' title='bbox 387 1514 416 1540; x_wconf 88' lang='lat' dir='ltr'>in</span> <span class='ocrx_word' id='word_1_555' title='bbox 429 1514 523 1541; x_wconf 79' lang='lat' dir='ltr'>Leone</span> <span class='ocrx_word' id='word_1_556' title='bbox 533 1515 585 1541; x_wconf 86' lang='lat' dir='ltr'>IV.</span> <span class='ocrx_word' id='word_1_557' title='bbox 599 1516 610 1544; x_wconf 92' lang='lat'>]</span> <span class='ocrx_word' id='word_1_558' title='bbox 636 1518 669 1542; x_wconf 86' lang='lat' dir='ltr'>Et</span> <span class='ocrx_word' id='word_1_559' title='bbox 682 1514 783 1543; x_wconf 88' lang='lat' dir='ltr'>ibidem</span> <span class='ocrx_word' id='word_1_560' title='bbox 792 1537 798 1543; x_wconf 91' lang='lat'>.</span> <span class='ocrx_word' id='word_1_561' title='bbox 812 1516 918 1551; x_wconf 65' lang='lat' dir='ltr'>[Gabri-</span> 
     </span>
     <span class='ocr_line' id='line_1_71' title="bbox 121 1551 918 1593; baseline 0.005 -13"><span class='ocrx_word' id='word_1_562' title='bbox 121 1552 195 1580; x_wconf 84' lang='lat' dir='ltr'>tham</span> <span class='ocrx_word' id='word_1_563' title='bbox 205 1551 320 1580; x_wconf 77' lang='lat' dir='ltr'>saxicam</span> <span class='ocrx_word' id='word_1_564' title='bbox 331 1563 363 1580; x_wconf 89' lang='lat' dir='ltr'>ex</span> <span class='ocrx_word' id='word_1_565' title='bbox 376 1562 492 1592; x_wconf 76' lang='lat' dir='ltr'>argento</span> <span class='ocrx_word' id='word_1_566' title='bbox 502 1552 645 1591; x_wconf 77' lang='lat' dir='ltr'>purissimo</span> <span class='ocrx_word' id='word_1_567' title='bbox 666 1555 826 1593; x_wconf 73' lang='lat' dir='ltr'>pensantem</span> <span class='ocrx_word' id='word_1_568' title='bbox 839 1556 918 1585; x_wconf 79' lang='lat' dir='ltr'>libras</span> 
     </span>
     <span class='ocr_line' id='line_1_72' title="bbox 118 1594 917 1632; baseline 0.008 -12"><span class='ocrx_word' id='word_1_569' title='bbox 118 1602 171 1621; x_wconf 83' lang='lat' dir='ltr'>tres</span> <span class='ocrx_word' id='word_1_570' title='bbox 183 1613 190 1619; x_wconf 89' lang='lat'><strong>.</strong></span> <span class='ocrx_word' id='word_1_571' title='bbox 210 1594 322 1621; x_wconf 87' lang='lat' dir='ltr'>Dicitur</span> <span class='ocrx_word' id='word_1_572' title='bbox 332 1599 434 1621; x_wconf 73' lang='lat' dir='ltr'>Saxaca</span> <span class='ocrx_word' id='word_1_573' title='bbox 444 1615 452 1626; x_wconf 94' lang='lat'><em>‚</em></span> <span class='ocrx_word' id='word_1_574' title='bbox 464 1595 527 1632; x_wconf 86' lang='lat' dir='ltr'>quia</span> <span class='ocrx_word' id='word_1_575' title='bbox 536 1594 569 1622; x_wconf 85' lang='lat' dir='ltr'>ad</span> <span class='ocrx_word' id='word_1_576' title='bbox 579 1594 693 1623; x_wconf 78' lang='lat' dir='ltr'>formam</span> <span class='ocrx_word' id='word_1_577' title='bbox 703 1597 850 1625; x_wconf 73' lang='lat' dir='ltr'>concliiliae</span> <span class='ocrx_word' id='word_1_578' title='bbox 863 1607 917 1625; x_wconf 74' lang='lat' dir='ltr'>ma-</span> 
     </span>
     <span class='ocr_line' id='line_1_73' title="bbox 124 1632 916 1677; baseline 0.009 -17"><span class='ocrx_word' id='word_1_579' title='bbox 124 1633 193 1661; x_wconf 78' lang='lat' dir='ltr'>rinae</span> <span class='ocrx_word' id='word_1_580' title='bbox 205 1632 332 1661; x_wconf 65' lang='lat' dir='ltr'>sabi-icam</span> <span class='ocrx_word' id='word_1_581' title='bbox 344 1643 410 1666; x_wconf 80' lang='lat' dir='ltr'>erar,</span> <span class='ocrx_word' id='word_1_582' title='bbox 421 1638 448 1662; x_wconf 77' lang='grc' dir='ltr'>δ(</span> <span class='ocrx_word' id='word_1_583' title='bbox 460 1637 563 1663; x_wconf 66' lang='grc' dir='ltr'>ὁακίεα</span> <span class='ocrx_word' id='word_1_584' title='bbox 573 1635 673 1664; x_wconf 83' lang='lat' dir='ltr'>dicitur</span> <span class='ocrx_word' id='word_1_585' title='bbox 683 1636 822 1666; x_wconf 88' lang='lat' dir='ltr'>conchilia</span> <span class='ocrx_word' id='word_1_586' title='bbox 834 1660 841 1671; x_wconf 95' lang='lat'><em>‚</em></span> <span class='ocrx_word' id='word_1_587' title='bbox 854 1639 916 1677; x_wconf 84' lang='lat' dir='ltr'>quia</span> 
     </span>
     <span class='ocr_line' id='line_1_74' title="bbox 117 1670 913 1714; baseline 0.009 -13"><span class='ocrx_word' id='word_1_588' title='bbox 117 1674 147 1701; x_wconf 89' lang='lat' dir='ltr'>in</span> <span class='ocrx_word' id='word_1_589' title='bbox 158 1672 228 1702; x_wconf 82' lang='lat' dir='ltr'>saxis</span> <span class='ocrx_word' id='word_1_590' title='bbox 238 1675 320 1702; x_wconf 73' lang='lat' dir='ltr'>nutri·</span> <span class='ocrx_word' id='word_1_591' title='bbox 328 1685 359 1702; x_wconf 90' lang='lat' dir='ltr'>ur</span> <span class='ocrx_word' id='word_1_592' title='bbox 370 1695 377 1702; x_wconf 83' lang='lat'><strong><em>.</em></strong></span> <span class='ocrx_word' id='word_1_593' title='bbox 394 1670 589 1713; x_wconf 65' lang='lat' dir='ltr'>&#39;Corrigendus</span> <span class='ocrx_word' id='word_1_594' title='bbox 601 1675 686 1714; x_wconf 69' lang='lat' dir='ltr'>igitur</span> <span class='ocrx_word' id='word_1_595' title='bbox 703 1678 740 1706; x_wconf 84' lang='lat' dir='ltr'>cst</span> <span class='ocrx_word' id='word_1_596' title='bbox 750 1680 913 1707; x_wconf 81' lang='lat' dir='ltr'>Tertulliani</span> 
     </span>
    </p>
   </div>
   <div class='ocr_carea' id='block_1_15' title="bbox 919 1261 936 1692">
    <p class='ocr_par' dir='ltr' id='par_1_15' title="bbox 919 1261 936 1692">
     <span class='ocr_line' id='line_1_75' title="bbox 921 1261 934 1371; baseline 0 -42"><span class='ocrx_word' id='word_1_597' title='bbox 921 1261 934 1371; x_wconf 95' lang='lat' dir='ltr'>   </span> 
     </span>
     <span class='ocr_line' id='line_1_76' title="bbox 922 1371 934 1408; baseline 0 1118"><span class='ocrx_word' id='word_1_598' title='bbox 922 1371 934 1408; x_wconf 95' lang='lat' dir='ltr'> </span> 
     </span>
     <span class='ocr_line' id='line_1_77' title="bbox 922 1408 935 1446; baseline 0 1080"><span class='ocrx_word' id='word_1_599' title='bbox 922 1408 935 1446; x_wconf 95' lang='lat' dir='ltr'> </span> 
     </span>
     <span class='ocr_line' id='line_1_78' title="bbox 921 1446 936 1492; baseline 0 1034"><span class='ocrx_word' id='word_1_600' title='bbox 921 1446 936 1492; x_wconf 95' lang='lat' dir='ltr'> </span> 
     </span>
     <span class='ocr_line' id='line_1_79' title="bbox 921 1492 936 1558; baseline 0 0"><span class='ocrx_word' id='word_1_601' title='bbox 921 1492 936 1558; x_wconf 95' lang='lat' dir='ltr'>  </span> 
     </span>
     <span class='ocr_line' id='line_1_80' title="bbox 919 1558 935 1614; baseline 0 912"><span class='ocrx_word' id='word_1_602' title='bbox 919 1558 935 1614; x_wconf 95' lang='lat' dir='ltr'> </span> 
     </span>
     <span class='ocr_line' id='line_1_81' title="bbox 919 1614 935 1692; baseline 0 0"><span class='ocrx_word' id='word_1_603' title='bbox 919 1614 935 1692; x_wconf 95' lang='lat' dir='ltr'>  </span> 
     </span>
    </p>
   </div>
   <div class='ocr_carea' id='block_1_16' title="bbox 971 1231 1809 1719">
    <p class='ocr_par' dir='ltr' id='par_1_16' title="bbox 971 1231 1809 1719">
     <span class='ocr_line' id='line_1_82' title="bbox 975 1231 1776 1276; baseline 0.015 -17"><span class='ocrx_word' id='word_1_604' title='bbox 975 1232 1005 1260; x_wconf 92' lang='lat' dir='ltr'>in</span> <span class='ocrx_word' id='word_1_605' title='bbox 1018 1231 1125 1271; x_wconf 85' lang='lat' dir='ltr'>signum</span> <span class='ocrx_word' id='word_1_606' title='bbox 1144 1234 1314 1264; x_wconf 80' lang='lat' dir='ltr'>manifestum</span> <span class='ocrx_word' id='word_1_607' title='bbox 1326 1237 1506 1276; x_wconf 76' lang='lat' dir='ltr'>obligationis</span> <span class='ocrx_word' id='word_1_608' title='bbox 1525 1240 1558 1268; x_wconf 84' lang='lat' dir='ltr'>ad</span> <span class='ocrx_word' id='word_1_609' title='bbox 1578 1240 1756 1271; x_wconf 76' lang='lat' dir='ltr'>duellandum</span> <span class='ocrx_word' id='word_1_610' title='bbox 1767 1264 1776 1271; x_wconf 85' lang='lat'><strong>.</strong></span> 
     </span>
     <span class='ocr_line' id='line_1_83' title="bbox 978 1274 1776 1320; baseline 0.015 -20"><span class='ocrx_word' id='word_1_611' title='bbox 978 1278 990 1306; x_wconf 87' lang='lat'>[</span> <span class='ocrx_word' id='word_1_612' title='bbox 1002 1274 1130 1312; x_wconf 83' lang='lat' dir='ltr'>Cumque</span> <span class='ocrx_word' id='word_1_613' title='bbox 1141 1275 1251 1304; x_wconf 80' lang='lat' dir='ltr'>instaret</span> <span class='ocrx_word' id='word_1_614' title='bbox 1263 1276 1376 1309; x_wconf 83' lang='lat' dir='ltr'>rui-siim,</span> <span class='ocrx_word' id='word_1_615' title='bbox 1386 1279 1411 1306; x_wconf 89' lang='lat' dir='ltr'>ei</span> <span class='ocrx_word' id='word_1_616' title='bbox 1421 1278 1524 1314; x_wconf 80' lang='lat' dir='ltr'>judices</span> <span class='ocrx_word' id='word_1_617' title='bbox 1535 1290 1735 1320; x_wconf 61' lang='lat' dir='ltr'>prmeperunr,</span> <span class='ocrx_word' id='word_1_618' title='bbox 1747 1295 1776 1312; x_wconf 71' lang='lat' dir='ltr'>ur</span> 
     </span>
     <span class='ocr_line' id='line_1_84' title="bbox 976 1312 1775 1360; baseline 0.016 -20"><span class='ocrx_word' id='word_1_619' title='bbox 976 1312 1126 1343; x_wconf 79' lang='lat' dir='ltr'>secundum</span> <span class='ocrx_word' id='word_1_620' title='bbox 1139 1325 1246 1344; x_wconf 84' lang='lat' dir='ltr'>morem</span> <span class='ocrx_word' id='word_1_621' title='bbox 1257 1317 1381 1356; x_wconf 83' lang='lat' dir='ltr'>regionis</span> <span class='ocrx_word' id='word_1_622' title='bbox 1394 1340 1400 1350; x_wconf 88' lang='lat'>‚</span> <span class='ocrx_word' id='word_1_623' title='bbox 1419 1319 1501 1353; x_wconf 86' lang='lat' dir='ltr'>illud,</span> <span class='ocrx_word' id='word_1_624' title='bbox 1528 1322 1602 1360; x_wconf 89' lang='lat' dir='ltr'>qiiod</span> <span class='ocrx_word' id='word_1_625' title='bbox 1615 1323 1664 1360; x_wconf 78' lang='lat' dir='ltr'>ipfi</span> <span class='ocrx_word' id='word_1_626' title='bbox 1676 1334 1775 1353; x_wconf 80' lang='lat' dir='ltr'>vocant</span> 
     </span>
     <span class='ocr_line' id='line_1_85' title="bbox 975 1354 1777 1403; baseline 0.015 -22"><span class='ocrx_word' id='word_1_627' title='bbox 975 1354 1104 1392; x_wconf 84' lang='lat' dir='ltr'>gaudium</span> <span class='ocrx_word' id='word_1_628' title='bbox 1115 1379 1121 1389; x_wconf 92' lang='lat'><em>,</em></span> <span class='ocrx_word' id='word_1_629' title='bbox 1133 1357 1188 1389; x_wconf 82' lang='lat' dir='ltr'>rei,</span> <span class='ocrx_word' id='word_1_630' title='bbox 1211 1358 1344 1387; x_wconf 84' lang='lat' dir='ltr'>videlicet</span> <span class='ocrx_word' id='word_1_631' title='bbox 1355 1380 1361 1391; x_wconf 84' lang='lat'>‚</span> <span class='ocrx_word' id='word_1_632' title='bbox 1385 1359 1414 1387; x_wconf 70' lang='lat' dir='ltr'>ab</span> <span class='ocrx_word' id='word_1_633' title='bbox 1423 1371 1457 1388; x_wconf 80' lang='lat' dir='ltr'>eo</span> <span class='ocrx_word' id='word_1_634' title='bbox 1468 1362 1611 1398; x_wconf 76' lang='lat' dir='ltr'>probandae</span> <span class='ocrx_word' id='word_1_635' title='bbox 1631 1373 1777 1403; x_wconf 84' lang='lat' dir='ltr'>argumen-</span> 
     </span>
     <span class='ocr_line' id='line_1_86' title="bbox 977 1394 1775 1436; baseline 0.015 -14"><span class='ocrx_word' id='word_1_636' title='bbox 977 1405 1035 1422; x_wconf 81' lang='lat' dir='ltr'>tum</span> <span class='ocrx_word' id='word_1_637' title='bbox 1046 1416 1053 1427; x_wconf 93' lang='lat'><em>,</em></span> <span class='ocrx_word' id='word_1_638' title='bbox 1067 1406 1149 1425; x_wconf 89' lang='lat' dir='ltr'>manu</span> <span class='ocrx_word' id='word_1_639' title='bbox 1159 1400 1309 1436; x_wconf 74' lang='lat' dir='ltr'>propriam</span> <span class='ocrx_word' id='word_1_640' title='bbox 1319 1394 1438 1433; x_wconf 78' lang='lat' dir='ltr'>e‘jusdem</span> <span class='ocrx_word' id='word_1_641' title='bbox 1451 1403 1684 1432; x_wconf 74' lang='lat' dir='ltr'>Gerard1Prioris</span> <span class='ocrx_word' id='word_1_642' title='bbox 1696 1415 1775 1434; x_wconf 75' lang='lat' dir='ltr'>manu</span> 
     </span>
     <span class='ocr_line' id='line_1_87' title="bbox 977 1438 1778 1485; baseline 0.015 -22"><span class='ocrx_word' id='word_1_643' title='bbox 977 1445 1092 1473; x_wconf 87' lang='lat' dir='ltr'>poneret</span> <span class='ocrx_word' id='word_1_644' title='bbox 1101 1458 1109 1470; x_wconf 87' lang='lat'><em>,</em></span> <span class='ocrx_word' id='word_1_645' title='bbox 1133 1438 1179 1476; x_wconf 91' lang='lat' dir='ltr'>qui</span> <span class='ocrx_word' id='word_1_646' title='bbox 1190 1440 1266 1467; x_wconf 91' lang='lat' dir='ltr'>velut</span> <span class='ocrx_word' id='word_1_647' title='bbox 1278 1450 1310 1467; x_wconf 85' lang='lat' dir='ltr'>ex</span> <span class='ocrx_word' id='word_1_648' title='bbox 1329 1440 1398 1468; x_wconf 78' lang='lat' dir='ltr'>bona</span> <span class='ocrx_word' id='word_1_649' title='bbox 1409 1441 1575 1470; x_wconf 75' lang='lat' dir='ltr'>conscientia</span> <span class='ocrx_word' id='word_1_650' title='bbox 1595 1445 1720 1474; x_wconf 61' lang='lat' dir='ltr'>audacter</span> <span class='ocrx_word' id='word_1_651' title='bbox 1729 1457 1778 1485; x_wconf 85' lang='lat' dir='ltr'>ga-</span> 
     </span>
     <span class='ocr_line' id='line_1_88' title="bbox 976 1476 1777 1518; baseline 0.014 -14"><span class='ocrx_word' id='word_1_652' title='bbox 976 1476 1054 1505; x_wconf 88' lang='lat' dir='ltr'>dium</span> <span class='ocrx_word' id='word_1_653' title='bbox 1066 1477 1094 1505; x_wconf 87' lang='lat' dir='ltr'>in</span> <span class='ocrx_word' id='word_1_654' title='bbox 1106 1488 1184 1506; x_wconf 85' lang='lat' dir='ltr'>manu</span> <span class='ocrx_word' id='word_1_655' title='bbox 1195 1481 1251 1515; x_wconf 75' lang='lat' dir='ltr'>ejus·</span> <span class='ocrx_word' id='word_1_656' title='bbox 1263 1490 1368 1518; x_wconf 86' lang='lat' dir='ltr'>ponens</span> <span class='ocrx_word' id='word_1_657' title='bbox 1380 1482 1437 1512; x_wconf 75' lang='lat' dir='ltr'>:iit5</span> <span class='ocrx_word' id='word_1_658' title='bbox 1461 1481 1539 1517; x_wconf 80' lang='lat' dir='ltr'>liujus</span> <span class='ocrx_word' id='word_1_659' title='bbox 1548 1505 1556 1516; x_wconf 87' lang='lat'><em>‚</em></span> <span class='ocrx_word' id='word_1_660' title='bbox 1569 1494 1598 1511; x_wconf 88' lang='lat' dir='ltr'>ut</span> <span class='ocrx_word' id='word_1_661' title='bbox 1609 1485 1687 1518; x_wconf 89' lang='lat' dir='ltr'>dixi,</span> <span class='ocrx_word' id='word_1_662' title='bbox 1697 1488 1735 1514; x_wconf 89' lang='lat' dir='ltr'>rei</span> <span class='ocrx_word' id='word_1_663' title='bbox 1747 1498 1777 1515; x_wconf 77' lang='lat' dir='ltr'>e-</span> 
     </span>
     <span class='ocr_line' id='line_1_89' title="bbox 976 1518 1775 1566; baseline 0.011 -22"><span class='ocrx_word' id='word_1_664' title='bbox 976 1527 1013 1555; x_wconf 85' lang='lat' dir='ltr'>go</span> <span class='ocrx_word' id='word_1_665' title='bbox 1024 1518 1100 1546; x_wconf 84' lang='lat' dir='ltr'>testis</span> <span class='ocrx_word' id='word_1_666' title='bbox 1110 1518 1169 1547; x_wconf 87' lang='lat' dir='ltr'>sum</span> <span class='ocrx_word' id='word_1_667' title='bbox 1198 1521 1257 1549; x_wconf 83' lang='lat' dir='ltr'>:iliis</span> <span class='ocrx_word' id='word_1_668' title='bbox 1268 1531 1377 1559; x_wconf 77' lang='lat' dir='ltr'>quoquc</span> <span class='ocrx_word' id='word_1_669' title='bbox 1389 1522 1498 1550; x_wconf 79' lang='lat' dir='ltr'>testibus</span> <span class='ocrx_word' id='word_1_670' title='bbox 1511 1544 1522 1560; x_wconf 86' lang='lat'>,</span> <span class='ocrx_word' id='word_1_671' title='bbox 1541 1525 1586 1551; x_wconf 77' lang='lat' dir='ltr'>vcl</span> <span class='ocrx_word' id='word_1_672' title='bbox 1597 1524 1691 1554; x_wconf 87' lang='lat' dir='ltr'>duello</span> <span class='ocrx_word' id='word_1_673' title='bbox 1701 1528 1775 1566; x_wconf 78' lang='lat' dir='ltr'>idip-</span> 
     </span>
     <span class='ocr_line' id='line_1_90' title="bbox 975 1556 1773 1601; baseline 0.01 -15"><span class='ocrx_word' id='word_1_674' title='bbox 975 1556 1033 1586; x_wconf 83' lang='lat' dir='ltr'>sum</span> <span class='ocrx_word' id='word_1_675' title='bbox 1045 1559 1204 1597; x_wconf 74' lang='lat' dir='ltr'>probaturus</span> <span class='ocrx_word' id='word_1_676' title='bbox 1215 1581 1222 1588; x_wconf 90' lang='lat'>.</span> <span class='ocrx_word' id='word_1_677' title='bbox 1245 1563 1339 1589; x_wconf 82' lang='lat' dir='ltr'>Petrus</span> <span class='ocrx_word' id='word_1_678' title='bbox 1350 1562 1445 1590; x_wconf 82' lang='lat' dir='ltr'>Muric.</span> <span class='ocrx_word' id='word_1_679' title='bbox 1457 1563 1502 1591; x_wconf 81' lang='lat' dir='ltr'>lib.</span> <span class='ocrx_word' id='word_1_680' title='bbox 1520 1574 1542 1590; x_wconf 82' lang='lat' dir='ltr'>i.</span> <span class='ocrx_word' id='word_1_681' title='bbox 1553 1564 1587 1592; x_wconf 89' lang='lat' dir='ltr'>de</span> <span class='ocrx_word' id='word_1_682' title='bbox 1599 1565 1747 1596; x_wconf 55' lang='lat' dir='ltr'>mimae-8.</span> <span class='ocrx_word' id='word_1_683' title='bbox 1759 1572 1773 1601; x_wconf 72' lang='lat'>1</span> 
     </span>
     <span class='ocr_line' id='line_1_91' title="bbox 976 1599 1809 1644; baseline 0.014 -18"><span class='ocrx_word' id='word_1_684' title='bbox 976 1599 1035 1626; x_wconf 88' lang='lat' dir='ltr'>Alii</span> <span class='ocrx_word' id='word_1_685' title='bbox 1046 1609 1136 1628; x_wconf 88' lang='lat' dir='ltr'>tamen</span> <span class='ocrx_word' id='word_1_686' title='bbox 1148 1602 1261 1629; x_wconf 55' lang='lat' dir='ltr'>Vindium</span> <span class='ocrx_word' id='word_1_687' title='bbox 1273 1605 1300 1630; x_wconf 65' lang='grc' dir='ltr'>ὃ(</span> <span class='ocrx_word' id='word_1_688' title='bbox 1313 1603 1443 1631; x_wconf 87' lang='lat' dir='ltr'>nonnulli</span> <span class='ocrx_word' id='word_1_689' title='bbox 1454 1607 1574 1640; x_wconf 56' lang='lat' dir='ltr'>Gragium</span> <span class='ocrx_word' id='word_1_690' title='bbox 1585 1615 1598 1633; x_wconf 86' lang='lat' dir='ltr'>a</span> <span class='ocrx_word' id='word_1_691' title='bbox 1609 1607 1708 1644; x_wconf 85' lang='lat' dir='ltr'>gallica</span> <span class='ocrx_word' id='word_1_692' title='bbox 1730 1608 1774 1637; x_wconf 91' lang='lat' dir='ltr'>di-</span> <span class='ocrx_word' id='word_1_693' title='bbox 1804 1606 1809 1608; x_wconf 44' lang='lat'>¹</span> 
     </span>
     <span class='ocr_line' id='line_1_92' title="bbox 975 1639 1774 1684; baseline 0.014 -17"><span class='ocrx_word' id='word_1_694' title='bbox 975 1639 1066 1668; x_wconf 65' lang='lat' dir='ltr'>&amp;ione</span> <span class='ocrx_word' id='word_1_695' title='bbox 1075 1645 1148 1678; x_wconf 80' lang='lat' dir='ltr'>Gage</span> <span class='ocrx_word' id='word_1_696' title='bbox 1169 1642 1268 1680; x_wconf 74' lang='lat' dir='ltr'>pignus</span> <span class='ocrx_word' id='word_1_697' title='bbox 1280 1642 1324 1671; x_wconf 85' lang='lat' dir='ltr'>vel</span> <span class='ocrx_word' id='word_1_698' title='bbox 1347 1641 1526 1674; x_wconf 69' lang='lat' dir='ltr'>arrhabonem</span> <span class='ocrx_word' id='word_1_699' title='bbox 1546 1645 1774 1684; x_wconf 68' lang='lat' dir='ltr'>fignificantedc-</span> 
     </span>
     <span class='ocr_line' id='line_1_93' title="bbox 971 1675 1335 1719; baseline 0.011 -13"><span class='ocrx_word' id='word_1_700' title='bbox 971 1675 1075 1708; x_wconf 72' lang='lat' dir='ltr'>ducunt</span> <span class='ocrx_word' id='word_1_701' title='bbox 1085 1701 1092 1708; x_wconf 87' lang='lat'><strong>.</strong></span> <span class='ocrx_word' id='word_1_702' title='bbox 1116 1683 1190 1710; x_wconf 87' lang='lat' dir='ltr'>Vide</span> <span class='ocrx_word' id='word_1_703' title='bbox 1201 1686 1317 1719; x_wconf 68' lang='lat' dir='ltr'>Gageri&#39;a.</span> <span class='ocrx_word' id='word_1_704' title='bbox 1327 1703 1335 1710; x_wconf 83' lang='grc'><strong>.</strong></span> 
     </span>
    </p>
   </div>
   <div class='ocr_carea' id='block_1_17' title="bbox 117 1715 1773 1770">
    <p class='ocr_par' dir='ltr' id='par_1_17' title="bbox 117 1715 1773 1770">
     <span class='ocr_line' id='line_1_94' title="bbox 117 1715 1773 1770; baseline 0.01 -28"><span class='ocrx_word' id='word_1_705' title='bbox 117 1715 191 1743; x_wconf 89' lang='lat' dir='ltr'>locus</span> <span class='ocrx_word' id='word_1_706' title='bbox 201 1736 208 1747; x_wconf 94' lang='lat'><em>,</em></span> <span class='ocrx_word' id='word_1_707' title='bbox 220 1715 295 1750; x_wconf 85' lang='lat' dir='ltr'>lib.5.</span> <span class='ocrx_word' id='word_1_708' title='bbox 306 1725 359 1751; x_wconf 84' lang='lat' dir='ltr'>c.5.</span> <span class='ocrx_word' id='word_1_709' title='bbox 370 1715 476 1743; x_wconf 71' lang='lat' dir='ltr'>advers.</span> <span class='ocrx_word' id='word_1_710' title='bbox 486 1715 590 1743; x_wconf 77' lang='lat' dir='ltr'>March.</span> <span class='ocrx_word' id='word_1_711' title='bbox 600 1717 642 1745; x_wconf 85' lang='lat' dir='ltr'>ubi</span> <span class='ocrx_word' id='word_1_712' title='bbox 652 1718 688 1745; x_wconf 70' lang='lat' dir='ltr'>ait</span> <span class='ocrx_word' id='word_1_713' title='bbox 702 1724 713 1753; x_wconf 90' lang='lat'>[</span> <span class='ocrx_word' id='word_1_714' title='bbox 726 1718 913 1750; x_wconf 75' lang='lat' dir='ltr'>Vasculoruin.</span> <span class='ocrx_word' id='word_1_715' title='bbox 933 1721 1072 1749; x_wconf 61' lang='lat' dir='ltr'>GAokiuA</span> <span class='ocrx_word' id='word_1_716' title='bbox 1085 1742 1092 1748; x_wconf 92' lang='lat'>.</span> <span class='ocrx_word' id='word_1_717' title='bbox 1114 1724 1169 1751; x_wconf 73' lang='lat' dir='ltr'>Fit.</span> <span class='ocrx_word' id='word_1_718' title='bbox 1180 1723 1253 1750; x_wconf 85' lang='lat' dir='ltr'>idem</span> <span class='ocrx_word' id='word_1_719' title='bbox 1265 1734 1292 1750; x_wconf 83' lang='lat' dir='ltr'>ac</span> <span class='ocrx_word' id='word_1_720' title='bbox 1303 1722 1380 1762; x_wconf 80' lang='lat' dir='ltr'>supra</span> <span class='ocrx_word' id='word_1_721' title='bbox 1394 1746 1400 1757; x_wconf 84' lang='lat'><em>‚</em></span> <span class='ocrx_word' id='word_1_722' title='bbox 1420 1729 1447 1753; x_wconf 64' lang='lat' dir='ltr'>S&lt;</span> <span class='ocrx_word' id='word_1_723' title='bbox 1461 1725 1599 1764; x_wconf 70' lang='lat' dir='ltr'>signanter</span> <span class='ocrx_word' id='word_1_724' title='bbox 1609 1728 1722 1759; x_wconf 77' lang='lat' dir='ltr'>denotat</span> <span class='ocrx_word' id='word_1_725' title='bbox 1731 1728 1773 1770; x_wconf 78' lang='lat' dir='ltr'>pi-</span> 
     </span>
    </p>
   </div>
   <div class='ocr_carea' id='block_1_18' title="bbox 111 1754 923 2322">
    <p class='ocr_par' dir='ltr' id='par_1_18' title="bbox 111 1754 923 2322">
     <span class='ocr_line' id='line_1_95' title="bbox 116 1754 908 1794; baseline 0.006 -12"><span class='ocrx_word' id='word_1_726' title='bbox 116 1758 143 1783; x_wconf 81' lang='lat'>&amp;</span> <span class='ocrx_word' id='word_1_727' title='bbox 154 1754 332 1793; x_wconf 73' lang='lat' dir='ltr'>gabathai·iini</span> <span class='ocrx_word' id='word_1_728' title='bbox 344 1756 470 1794; x_wconf 80' lang='lat' dir='ltr'>purgatio</span> <span class='ocrx_word' id='word_1_729' title='bbox 479 1776 486 1783; x_wconf 92' lang='lat'><strong>.</strong></span> <span class='ocrx_word' id='word_1_730' title='bbox 499 1758 510 1787; x_wconf 91' lang='lat'>]</span> <span class='ocrx_word' id='word_1_731' title='bbox 524 1757 636 1785; x_wconf 79' lang='lat' dir='ltr'>Latinus</span> <span class='ocrx_word' id='word_1_732' title='bbox 645 1758 720 1785; x_wconf 86' lang='lat' dir='ltr'>enim</span> <span class='ocrx_word' id='word_1_733' title='bbox 734 1760 857 1789; x_wconf 71' lang='lat' dir='ltr'>latinius</span> <span class='ocrx_word' id='word_1_734' title='bbox 881 1761 908 1788; x_wconf 93' lang='lat' dir='ltr'>in</span> 
     </span>
     <span class='ocr_line' id='line_1_96' title="bbox 115 1796 913 1829; baseline 0.009 -7"><span class='ocrx_word' id='word_1_735' title='bbox 115 1797 173 1829; x_wconf 82' lang='lat' dir='ltr'>ejus</span> <span class='ocrx_word' id='word_1_736' title='bbox 183 1796 314 1824; x_wconf 85' lang='lat' dir='ltr'>Biblioth.</span> <span class='ocrx_word' id='word_1_737' title='bbox 325 1798 400 1824; x_wconf 82' lang='lat' dir='ltr'>Sacra</span> <span class='ocrx_word' id='word_1_738' title='bbox 411 1797 443 1824; x_wconf 80' lang='lat' dir='ltr'>ad</span> <span class='ocrx_word' id='word_1_739' title='bbox 453 1797 479 1824; x_wconf 92' lang='lat' dir='ltr'>d.</span> <span class='ocrx_word' id='word_1_740' title='bbox 492 1798 608 1825; x_wconf 90' lang='lat' dir='ltr'>Tertull.</span> <span class='ocrx_word' id='word_1_741' title='bbox 618 1798 708 1827; x_wconf 87' lang='lat' dir='ltr'>locum</span> <span class='ocrx_word' id='word_1_742' title='bbox 720 1801 913 1829; x_wconf 80' lang='lat' dir='ltr'>Gabatharum</span> 
     </span>
     <span class='ocr_line' id='line_1_97' title="bbox 117 1835 913 1874; baseline 0.01 -12"><span class='ocrx_word' id='word_1_743' title='bbox 117 1835 232 1874; x_wconf 87' lang='lat' dir='ltr'>corrigit</span> <span class='ocrx_word' id='word_1_744' title='bbox 244 1856 250 1862; x_wconf 92' lang='lat'>.</span> <span class='ocrx_word' id='word_1_745' title='bbox 274 1838 344 1864; x_wconf 90' lang='lat' dir='ltr'>Iteni</span> <span class='ocrx_word' id='word_1_746' title='bbox 355 1836 412 1864; x_wconf 72' lang='lat' dir='ltr'>liaec</span> <span class='ocrx_word' id='word_1_747' title='bbox 426 1847 481 1864; x_wconf 78' lang='lat' dir='ltr'>vox</span> <span class='ocrx_word' id='word_1_748' title='bbox 501 1847 534 1865; x_wconf 85' lang='lat' dir='ltr'>ex</span> <span class='ocrx_word' id='word_1_749' title='bbox 548 1838 574 1865; x_wconf 87' lang='lat' dir='ltr'>vi</span> <span class='ocrx_word' id='word_1_750' title='bbox 587 1836 719 1867; x_wconf 71' lang='lat' dir='ltr'>hebraicae</span> <span class='ocrx_word' id='word_1_751' title='bbox 740 1842 814 1869; x_wconf 85' lang='lat' dir='ltr'>vocis</span> <span class='ocrx_word' id='word_1_752' title='bbox 824 1843 913 1870; x_wconf 86' lang='lat' dir='ltr'>locum</span> 
     </span>
     <span class='ocr_line' id='line_1_98' title="bbox 116 1876 912 1915; baseline 0.011 -13"><span class='ocrx_word' id='word_1_753' title='bbox 116 1876 282 1904; x_wconf 85' lang='lat' dir='ltr'>eminentem</span> <span class='ocrx_word' id='word_1_754' title='bbox 295 1877 439 1915; x_wconf 69' lang='lat' dir='ltr'>fignificat,</span> <span class='ocrx_word' id='word_1_755' title='bbox 450 1887 479 1905; x_wconf 80' lang='lat' dir='ltr'>ut</span> <span class='ocrx_word' id='word_1_756' title='bbox 487 1878 518 1905; x_wconf 89' lang='lat' dir='ltr'>in</span> <span class='ocrx_word' id='word_1_757' title='bbox 527 1877 592 1906; x_wconf 62' lang='lat' dir='ltr'>dici:-</span> <span class='ocrx_word' id='word_1_758' title='bbox 603 1880 725 1909; x_wconf 76' lang='lat' dir='ltr'>Gabalm</span> <span class='ocrx_word' id='word_1_759' title='bbox 737 1881 866 1913; x_wconf 56' lang='lat' dir='ltr'>diximus</span> <span class='ocrx_word' id='word_1_760' title='bbox 880 1883 912 1911; x_wconf 85' lang='lat' dir='ltr'>sic</span> 
     </span>
     <span class='ocr_line' id='line_1_99' title="bbox 116 1917 915 1956; baseline 0.011 -13"><span class='ocrx_word' id='word_1_761' title='bbox 116 1917 152 1944; x_wconf 93' lang='lat' dir='ltr'>D.</span> <span class='ocrx_word' id='word_1_762' title='bbox 163 1918 207 1953; x_wconf 86' lang='lat' dir='ltr'>Jo:</span> <span class='ocrx_word' id='word_1_763' title='bbox 219 1927 275 1954; x_wconf 72' lang='lat' dir='ltr'>cup.</span> <span class='ocrx_word' id='word_1_764' title='bbox 293 1928 336 1953; x_wconf 54' lang='grc' dir='ltr'>ψ.</span> <span class='ocrx_word' id='word_1_765' title='bbox 348 1918 375 1945; x_wconf 86' lang='lat' dir='ltr'>in</span> <span class='ocrx_word' id='word_1_766' title='bbox 386 1917 475 1956; x_wconf 78' lang='lat' dir='ltr'>signifi</span> <span class='ocrx_word' id='word_1_767' title='bbox 493 1927 585 1946; x_wconf 79' lang='lat' dir='ltr'>atione</span> <span class='ocrx_word' id='word_1_768' title='bbox 597 1920 742 1949; x_wconf 83' lang='lat' dir='ltr'>tribunalis</span> <span class='ocrx_word' id='word_1_769' title='bbox 751 1921 809 1950; x_wconf 85' lang='lat' dir='ltr'>usus</span> <span class='ocrx_word' id='word_1_770' title='bbox 819 1923 915 1955; x_wconf 82' lang='lat' dir='ltr'>est‚in-</span> 
     </span>
     <span class='ocr_line' id='line_1_100' title="bbox 116 1957 913 1998; baseline 0.011 -15"><span class='ocrx_word' id='word_1_771' title='bbox 116 1957 212 1994; x_wconf 76' lang='lat' dir='ltr'>quiens</span> <span class='ocrx_word' id='word_1_772' title='bbox 225 1968 232 1986; x_wconf 64' lang='grc' dir='ltr'><strong>ς</strong></span> <span class='ocrx_word' id='word_1_773' title='bbox 258 1963 269 1992; x_wconf 89' lang='grc'>[</span> <span class='ocrx_word' id='word_1_774' title='bbox 281 1959 383 1985; x_wconf 59' lang='lat' dir='ltr'>Pharus</span> <span class='ocrx_word' id='word_1_775' title='bbox 393 1968 481 1986; x_wconf 74' lang='lat' dir='ltr'>autem</span> <span class='ocrx_word' id='word_1_776' title='bbox 493 1969 553 1986; x_wconf 85' lang='lat' dir='ltr'>cum</span> <span class='ocrx_word' id='word_1_777' title='bbox 564 1959 676 1989; x_wconf 80' lang='lat' dir='ltr'>audisset</span> <span class='ocrx_word' id='word_1_778' title='bbox 698 1961 747 1991; x_wconf 77' lang='lat' dir='ltr'>hos</span> <span class='ocrx_word' id='word_1_779' title='bbox 757 1961 895 1992; x_wconf 77' lang='lat' dir='ltr'>sermones</span> <span class='ocrx_word' id='word_1_780' title='bbox 906 1987 913 1998; x_wconf 94' lang='lat'>,</span> 
     </span>
     <span class='ocr_line' id='line_1_101' title="bbox 116 1997 912 2039; baseline 0.01 -14"><span class='ocrx_word' id='word_1_781' title='bbox 116 1998 231 2025; x_wconf 78' lang='lat' dir='ltr'>adduxit</span> <span class='ocrx_word' id='word_1_782' title='bbox 251 1998 319 2025; x_wconf 76' lang='lat' dir='ltr'>ibras</span> <span class='ocrx_word' id='word_1_783' title='bbox 330 1997 421 2036; x_wconf 85' lang='lat' dir='ltr'>Jesum</span> <span class='ocrx_word' id='word_1_784' title='bbox 431 2020 439 2031; x_wconf 85' lang='lat'><em>‚</em></span> <span class='ocrx_word' id='word_1_785' title='bbox 457 1998 564 2028; x_wconf 85' lang='lat' dir='ltr'>&amp;sedit</span> <span class='ocrx_word' id='word_1_786' title='bbox 574 2011 625 2038; x_wconf 88' lang='lat' dir='ltr'>pro</span> <span class='ocrx_word' id='word_1_787' title='bbox 646 2002 773 2031; x_wconf 76' lang='lat' dir='ltr'>tribunali</span> <span class='ocrx_word' id='word_1_788' title='bbox 794 2004 822 2032; x_wconf 91' lang='lat' dir='ltr'>in</span> <span class='ocrx_word' id='word_1_789' title='bbox 833 2005 894 2033; x_wconf 87' lang='lat' dir='ltr'>loco</span> <span class='ocrx_word' id='word_1_790' title='bbox 904 2028 912 2039; x_wconf 93' lang='lat'><em>‚</em></span> 
     </span>
     <span class='ocr_line' id='line_1_102' title="bbox 114 2039 909 2079; baseline 0.011 -15"><span class='ocrx_word' id='word_1_791' title='bbox 114 2048 161 2076; x_wconf 78' lang='lat' dir='ltr'>qui</span> <span class='ocrx_word' id='word_1_792' title='bbox 173 2039 273 2066; x_wconf 52' lang='lat' dir='ltr'>dicitur</span> <span class='ocrx_word' id='word_1_793' title='bbox 286 2039 458 2067; x_wconf 75' lang='lat' dir='ltr'>lithostrotos</span> <span class='ocrx_word' id='word_1_794' title='bbox 471 2061 478 2072; x_wconf 87' lang='lat'><em>,</em></span> <span class='ocrx_word' id='word_1_795' title='bbox 489 2039 614 2070; x_wconf 72' lang='lat' dir='ltr'>hebraice</span> <span class='ocrx_word' id='word_1_796' title='bbox 625 2052 715 2071; x_wconf 79' lang='lat' dir='ltr'>autem</span> <span class='ocrx_word' id='word_1_797' title='bbox 725 2044 866 2073; x_wconf 80' lang='lat' dir='ltr'>Gabbatha</span> <span class='ocrx_word' id='word_1_798' title='bbox 879 2049 909 2079; x_wconf 91' lang='lat'>‚]</span> 
     </span>
     <span class='ocr_line' id='line_1_103' title="bbox 115 2079 912 2123; baseline 0.014 -19"><span class='ocrx_word' id='word_1_799' title='bbox 115 2079 184 2115; x_wconf 70' lang='lat' dir='ltr'>Quae</span> <span class='ocrx_word' id='word_1_800' title='bbox 196 2089 250 2106; x_wconf 76' lang='lat' dir='ltr'>vox</span> <span class='ocrx_word' id='word_1_801' title='bbox 261 2079 384 2108; x_wconf 72' lang='lat' dir='ltr'>hebriica</span> <span class='ocrx_word' id='word_1_802' title='bbox 394 2102 401 2113; x_wconf 93' lang='lat'>,</span> <span class='ocrx_word' id='word_1_803' title='bbox 414 2079 476 2108; x_wconf 85' lang='lat' dir='ltr'>licet</span> <span class='ocrx_word' id='word_1_804' title='bbox 487 2091 543 2109; x_wconf 89' lang='lat' dir='ltr'>non</span> <span class='ocrx_word' id='word_1_805' title='bbox 555 2081 587 2110; x_wconf 81' lang='lat' dir='ltr'>sit</span> <span class='ocrx_word' id='word_1_806' title='bbox 598 2081 755 2119; x_wconf 86' lang='lat' dir='ltr'>synonyma</span> <span class='ocrx_word' id='word_1_807' title='bbox 765 2095 862 2123; x_wconf 68' lang='lat' dir='ltr'>graecae</span> <span class='ocrx_word' id='word_1_808' title='bbox 873 2087 912 2114; x_wconf 90' lang='lat' dir='ltr'>di.</span> 
     </span>
     <span class='ocr_line' id='line_1_104' title="bbox 113 2120 910 2164; baseline 0.01 -18"><span class='ocrx_word' id='word_1_809' title='bbox 113 2120 220 2152; x_wconf 56' lang='grc' dir='ltr'>ἂιοηι)</span> <span class='ocrx_word' id='word_1_810' title='bbox 244 2130 272 2146; x_wconf 78' lang='lat' dir='ltr'>1.i</span> <span class='ocrx_word' id='word_1_811' title='bbox 284 2130 399 2158; x_wconf 61' lang='lat' dir='ltr'>atroque</span> <span class='ocrx_word' id='word_1_812' title='bbox 410 2130 501 2150; x_wconf 81' lang='lat' dir='ltr'>tamen</span> <span class='ocrx_word' id='word_1_813' title='bbox 511 2122 643 2151; x_wconf 73' lang='lat' dir='ltr'>idiomate</span> <span class='ocrx_word' id='word_1_814' title='bbox 655 2124 728 2152; x_wconf 86' lang='lat' dir='ltr'>idem</span> <span class='ocrx_word' id='word_1_815' title='bbox 737 2125 811 2153; x_wconf 81' lang='lat' dir='ltr'>iocus</span> <span class='ocrx_word' id='word_1_816' title='bbox 823 2127 910 2164; x_wconf 85' lang='lat' dir='ltr'>signi-</span> 
     </span>
     <span class='ocr_line' id='line_1_105' title="bbox 114 2159 913 2202; baseline 0.01 -14"><span class='ocrx_word' id='word_1_817' title='bbox 114 2159 209 2188; x_wconf 77' lang='lat' dir='ltr'>ficatur</span> <span class='ocrx_word' id='word_1_818' title='bbox 221 2171 230 2189; x_wconf 68' lang='grc' dir='ltr'><strong><em>ς</em></strong></span> <span class='ocrx_word' id='word_1_819' title='bbox 254 2170 309 2188; x_wconf 63' lang='lat' dir='ltr'>crat</span> <span class='ocrx_word' id='word_1_820' title='bbox 320 2170 393 2188; x_wconf 80' lang='lat' dir='ltr'>cnzm</span> <span class='ocrx_word' id='word_1_821' title='bbox 405 2162 477 2189; x_wconf 75' lang='lat' dir='ltr'>iocus</span> <span class='ocrx_word' id='word_1_822' title='bbox 490 2163 537 2190; x_wconf 82' lang='lat' dir='ltr'>iste</span> <span class='ocrx_word' id='word_1_823' title='bbox 549 2183 556 2195; x_wconf 90' lang='lat'>‚</span> <span class='ocrx_word' id='word_1_824' title='bbox 578 2163 608 2191; x_wconf 90' lang='lat' dir='ltr'>in</span> <span class='ocrx_word' id='word_1_825' title='bbox 620 2174 674 2202; x_wconf 85' lang='lat' dir='ltr'>quo</span> <span class='ocrx_word' id='word_1_826' title='bbox 684 2165 788 2193; x_wconf 76' lang='lat' dir='ltr'>Pilatus</span> <span class='ocrx_word' id='word_1_827' title='bbox 806 2166 913 2196; x_wconf 74' lang='lat' dir='ltr'>resede-</span> 
     </span>
     <span class='ocr_line' id='line_1_106' title="bbox 113 2202 911 2238; baseline 0.011 -11"><span class='ocrx_word' id='word_1_828' title='bbox 113 2209 156 2227; x_wconf 83' lang='lat' dir='ltr'>rat</span> <span class='ocrx_word' id='word_1_829' title='bbox 168 2222 172 2227; x_wconf 89' lang='lat'>.</span> <span class='ocrx_word' id='word_1_830' title='bbox 183 2210 245 2228; x_wconf 89' lang='lat' dir='ltr'>cuin</span> <span class='ocrx_word' id='word_1_831' title='bbox 255 2211 417 2238; x_wconf 70' lang='lat' dir='ltr'>pavimento</span> <span class='ocrx_word' id='word_1_832' title='bbox 428 2202 588 2231; x_wconf 77' lang='lat' dir='ltr'>lithostroto</span> <span class='ocrx_word' id='word_1_833' title='bbox 598 2226 606 2237; x_wconf 95' lang='lat'><em>‚</em></span> <span class='ocrx_word' id='word_1_834' title='bbox 618 2205 703 2238; x_wconf 82' lang='lat' dir='ltr'>idest,</span> <span class='ocrx_word' id='word_1_835' title='bbox 715 2206 798 2234; x_wconf 74' lang='lat' dir='ltr'>variis</span> <span class='ocrx_word' id='word_1_836' title='bbox 808 2208 911 2237; x_wconf 81' lang='lat' dir='ltr'>colora-</span> 
     </span>
     <span class='ocr_line' id='line_1_107' title="bbox 111 2239 923 2287; baseline 0.012 -20"><span class='ocrx_word' id='word_1_837' title='bbox 111 2240 146 2267; x_wconf 86' lang='lat' dir='ltr'>tis</span> <span class='ocrx_word' id='word_1_838' title='bbox 158 2241 290 2278; x_wconf 52' lang='lat' dir='ltr'>lap„d.bus</span> <span class='ocrx_word' id='word_1_839' title='bbox 310 2242 389 2270; x_wconf 76' lang='lat' dir='ltr'>strato</span> <span class='ocrx_word' id='word_1_840' title='bbox 401 2264 408 2275; x_wconf 83' lang='lat'><em>,</em></span> <span class='ocrx_word' id='word_1_841' title='bbox 426 2251 507 2282; x_wconf 88' lang='lat' dir='ltr'>atque</span> <span class='ocrx_word' id='word_1_842' title='bbox 530 2254 692 2282; x_wconf 85' lang='lat' dir='ltr'>pavimento</span> <span class='ocrx_word' id='word_1_843' title='bbox 704 2247 813 2275; x_wconf 83' lang='lat' dir='ltr'>elevato</span> <span class='ocrx_word' id='word_1_844' title='bbox 824 2269 832 2280; x_wconf 84' lang='lat'>‚</span> <span class='ocrx_word' id='word_1_845' title='bbox 850 2239 923 2287; x_wconf 83' lang='lat' dir='ltr'>quial</span> 
     </span>
     <span class='ocr_line' id='line_1_108' title="bbox 113 2280 910 2322; baseline 0.015 -15"><span class='ocrx_word' id='word_1_846' title='bbox 113 2282 219 2316; x_wconf 19' lang='lat' dir='ltr'>[anbr</span> <span class='ocrx_word' id='word_1_847' title='bbox 228 2280 274 2309; x_wconf 84' lang='lat' dir='ltr'>tha</span> <span class='ocrx_word' id='word_1_848' title='bbox 287 2283 400 2315; x_wconf 80' lang='lat' dir='ltr'>dicitur,</span> <span class='ocrx_word' id='word_1_849' title='bbox 413 2284 486 2321; x_wconf 87' lang='lat' dir='ltr'>quod</span> <span class='ocrx_word' id='word_1_850' title='bbox 497 2285 656 2322; x_wconf 80' lang='lat' dir='ltr'>pavimento</span> <span class='ocrx_word' id='word_1_851' title='bbox 666 2287 785 2316; x_wconf 79' lang='lat' dir='ltr'>elevatus</span> <span class='ocrx_word' id='word_1_852' title='bbox 797 2287 859 2317; x_wconf 73' lang='lat' dir='ltr'>ess&#39;et</span> <span class='ocrx_word' id='word_1_853' title='bbox 870 2291 910 2318; x_wconf 84' lang='lat' dir='ltr'>lo-</span> 
     </span>
    </p>
   </div>
   <div class='ocr_carea' id='block_1_19' title="bbox 917 1785 927 2236">
    <p class='ocr_par' dir='ltr' id='par_1_19' title="bbox 917 1785 927 2236">
     <span class='ocr_line' id='line_1_109' title="bbox 917 1785 927 2236; baseline 0 290"><span class='ocrx_word' id='word_1_854' title='bbox 917 1785 927 2236; x_wconf 95' lang='lat' dir='ltr'> </span> 
     </span>
    </p>
   </div>
   <div class='ocr_carea' id='block_1_20' title="bbox 968 1763 1773 2332">
    <p class='ocr_par' dir='ltr' id='par_1_20' title="bbox 968 1763 1773 2332">
     <span class='ocr_line' id='line_1_110' title="bbox 973 1763 1770 1810; baseline 0.015 -22"><span class='ocrx_word' id='word_1_855' title='bbox 973 1771 1041 1800; x_wconf 84' lang='lat' dir='ltr'>gnus</span> <span class='ocrx_word' id='word_1_856' title='bbox 1053 1783 1060 1794; x_wconf 97' lang='lat'>‚</span> <span class='ocrx_word' id='word_1_857' title='bbox 1071 1763 1144 1800; x_wconf 90' lang='lat' dir='ltr'>quod</span> <span class='ocrx_word' id='word_1_858' title='bbox 1155 1764 1262 1791; x_wconf 79' lang='lat' dir='ltr'>ratione</span> <span class='ocrx_word' id='word_1_859' title='bbox 1278 1764 1363 1792; x_wconf 85' lang='lat' dir='ltr'>debiti</span> <span class='ocrx_word' id='word_1_860' title='bbox 1374 1765 1466 1794; x_wconf 70' lang='lat' dir='ltr'>census</span> <span class='ocrx_word' id='word_1_861' title='bbox 1480 1768 1629 1804; x_wconf 82' lang='lat' dir='ltr'>recipitur.</span> <span class='ocrx_word' id='word_1_862' title='bbox 1653 1777 1666 1806; x_wconf 70' lang='lat' dir='ltr'>s</span> <span class='ocrx_word' id='word_1_863' title='bbox 1679 1773 1770 1810; x_wconf 74' lang='lat' dir='ltr'>Gago-</span> 
     </span>
     <span class='ocr_line' id='line_1_111' title="bbox 973 1803 1771 1849; baseline 0.014 -20"><span class='ocrx_word' id='word_1_864' title='bbox 973 1803 1019 1830; x_wconf 74' lang='lat' dir='ltr'>riae</span> <span class='ocrx_word' id='word_1_865' title='bbox 1029 1804 1143 1831; x_wconf 71' lang='lat' dir='ltr'>ulterius</span> <span class='ocrx_word' id='word_1_866' title='bbox 1154 1815 1209 1832; x_wconf 81' lang='lat' dir='ltr'>non</span> <span class='ocrx_word' id='word_1_867' title='bbox 1220 1805 1387 1842; x_wconf 61' lang='lat' dir='ltr'>recipiantur</span> <span class='ocrx_word' id='word_1_868' title='bbox 1398 1827 1405 1833; x_wconf 83' lang='lat'><strong>.</strong></span> <span class='ocrx_word' id='word_1_869' title='bbox 1428 1808 1512 1835; x_wconf 85' lang='lat' dir='ltr'>Nom.</span> <span class='ocrx_word' id='word_1_870' title='bbox 1525 1809 1643 1838; x_wconf 82' lang='lat' dir='ltr'>Cisterc.</span> <span class='ocrx_word' id='word_1_871' title='bbox 1662 1821 1731 1849; x_wconf 84' lang='lat' dir='ltr'>part.</span> <span class='ocrx_word' id='word_1_872' title='bbox 1747 1823 1771 1840; x_wconf 89' lang='lat' dir='ltr'>i.</span> 
     </span>
     <span class='ocr_line' id='line_1_112' title="bbox 972 1844 1772 1890; baseline 0.014 -20"><span class='ocrx_word' id='word_1_873' title='bbox 972 1853 1029 1881; x_wconf 87' lang='lat' dir='ltr'>cap.</span> <span class='ocrx_word' id='word_1_874' title='bbox 1043 1854 1069 1881; x_wconf 80' lang='lat'>3.</span> <span class='ocrx_word' id='word_1_875' title='bbox 1087 1844 1281 1873; x_wconf 83' lang='lat' dir='ltr'>Insinuatione</span> <span class='ocrx_word' id='word_1_876' title='bbox 1302 1845 1476 1883; x_wconf 45' lang='lat' dir='ltr'>praesentium</span> <span class='ocrx_word' id='word_1_877' title='bbox 1488 1847 1672 1885; x_wconf 81' lang='lat' dir='ltr'>declaramus,</span> <span class='ocrx_word' id='word_1_878' title='bbox 1695 1853 1772 1890; x_wconf 67' lang='lat' dir='ltr'>quod</span> 
     </span>
     <span class='ocr_line' id='line_1_113' title="bbox 971 1885 1772 1931; baseline 0.012 -20"><span class='ocrx_word' id='word_1_879' title='bbox 971 1893 1081 1922; x_wconf 84' lang='lat' dir='ltr'>gageria</span> <span class='ocrx_word' id='word_1_880' title='bbox 1093 1906 1100 1916; x_wconf 84' lang='lat'><em>,</em></span> <span class='ocrx_word' id='word_1_881' title='bbox 1113 1895 1193 1923; x_wconf 84' lang='lat' dir='ltr'>quam</span> <span class='ocrx_word' id='word_1_882' title='bbox 1205 1885 1238 1913; x_wconf 84' lang='lat' dir='ltr'>de</span> <span class='ocrx_word' id='word_1_883' title='bbox 1249 1885 1329 1914; x_wconf 72' lang='lat' dir='ltr'>feudo</span> <span class='ocrx_word' id='word_1_884' title='bbox 1340 1888 1464 1916; x_wconf 63' lang='lat' dir='ltr'>Ecclesia·</span> <span class='ocrx_word' id='word_1_885' title='bbox 1476 1897 1527 1916; x_wconf 69' lang='lat' dir='ltr'>tuae</span> <span class='ocrx_word' id='word_1_886' title='bbox 1538 1891 1568 1918; x_wconf 83' lang='lat' dir='ltr'>ab</span> <span class='ocrx_word' id='word_1_887' title='bbox 1579 1891 1617 1918; x_wconf 87' lang='lat' dir='ltr'>M.</span> <span class='ocrx_word' id='word_1_888' title='bbox 1627 1891 1772 1931; x_wconf 87' lang='lat' dir='ltr'>dignosce-</span> 
     </span>
     <span class='ocr_line' id='line_1_114' title="bbox 971 1925 1771 1964; baseline 0.014 -13"><span class='ocrx_word' id='word_1_889' title='bbox 971 1925 1006 1952; x_wconf 72' lang='lat' dir='ltr'>ris</span> <span class='ocrx_word' id='word_1_890' title='bbox 1021 1925 1146 1962; x_wconf 74' lang='lat' dir='ltr'>recepisse</span> <span class='ocrx_word' id='word_1_891' title='bbox 1160 1948 1166 1958; x_wconf 87' lang='lat'><em>,</em></span> <span class='ocrx_word' id='word_1_892' title='bbox 1177 1937 1190 1954; x_wconf 85' lang='lat' dir='ltr'>a</span> <span class='ocrx_word' id='word_1_893' title='bbox 1202 1936 1229 1954; x_wconf 84' lang='lat' dir='ltr'>te</span> <span class='ocrx_word' id='word_1_894' title='bbox 1241 1928 1327 1964; x_wconf 74' lang='lat' dir='ltr'>potcl&#39;i</span> <span class='ocrx_word' id='word_1_895' title='bbox 1338 1928 1422 1956; x_wconf 78' lang='lat' dir='ltr'>libere</span> <span class='ocrx_word' id='word_1_896' title='bbox 1431 1929 1560 1963; x_wconf 81' lang='lat' dir='ltr'>detineri,</span> <span class='ocrx_word' id='word_1_897' title='bbox 1573 1931 1701 1961; x_wconf 65' lang='lat' dir='ltr'>fructibus</span> <span class='ocrx_word' id='word_1_898' title='bbox 1713 1944 1771 1962; x_wconf 85' lang='lat' dir='ltr'>non</span> 
     </span>
     <span class='ocr_line' id='line_1_115' title="bbox 970 1964 1773 2011; baseline 0.015 -20"><span class='ocrx_word' id='word_1_899' title='bbox 970 1964 1147 2002; x_wconf 71' lang='lat' dir='ltr'>compensatis</span> <span class='ocrx_word' id='word_1_900' title='bbox 1161 1967 1188 1994; x_wconf 89' lang='lat' dir='ltr'>in</span> <span class='ocrx_word' id='word_1_901' title='bbox 1201 1965 1318 1995; x_wconf 85' lang='lat' dir='ltr'>sortem.</span> <span class='ocrx_word' id='word_1_902' title='bbox 1331 1979 1357 2005; x_wconf 79' lang='lat'>3.</span> <span class='ocrx_word' id='word_1_903' title='bbox 1367 1969 1494 1997; x_wconf 80' lang='lat' dir='ltr'>decretal.</span> <span class='ocrx_word' id='word_1_904' title='bbox 1506 1970 1540 1999; x_wconf 89' lang='lat' dir='ltr'>de</span> <span class='ocrx_word' id='word_1_905' title='bbox 1550 1971 1713 2011; x_wconf 79' lang='lat' dir='ltr'>feudisc.3.]</span> <span class='ocrx_word' id='word_1_906' title='bbox 1727 1974 1773 2003; x_wconf 90' lang='lat' dir='ltr'>U-</span> 
     </span>
     <span class='ocr_line' id='line_1_116' title="bbox 971 2005 1768 2048; baseline 0.014 -16"><span class='ocrx_word' id='word_1_907' title='bbox 971 2005 996 2033; x_wconf 90' lang='lat' dir='ltr'>bi</span> <span class='ocrx_word' id='word_1_908' title='bbox 1009 2006 1103 2043; x_wconf 81' lang='lat' dir='ltr'>inepte</span> <span class='ocrx_word' id='word_1_909' title='bbox 1121 2006 1214 2035; x_wconf 77' lang='lat' dir='ltr'>Giofl&#39;a</span> <span class='ocrx_word' id='word_1_910' title='bbox 1224 2006 1276 2035; x_wconf 88' lang='lat' dir='ltr'>hoc</span> <span class='ocrx_word' id='word_1_911' title='bbox 1288 2009 1448 2038; x_wconf 70' lang='lat' dir='ltr'>vocabulum</span> <span class='ocrx_word' id='word_1_912' title='bbox 1467 2011 1586 2048; x_wconf 70' lang='lat' dir='ltr'>explicat</span> <span class='ocrx_word' id='word_1_913' title='bbox 1605 2012 1649 2041; x_wconf 86' lang='lat' dir='ltr'>his</span> <span class='ocrx_word' id='word_1_914' title='bbox 1661 2015 1768 2043; x_wconf 78' lang='lat' dir='ltr'>verbis:</span> 
     </span>
     <span class='ocr_line' id='line_1_117' title="bbox 975 2047 1770 2092; baseline 0.013 -18"><span class='ocrx_word' id='word_1_915' title='bbox 975 2047 1126 2084; x_wconf 52' lang='lat' dir='ltr'>[Gageriffi</span> <span class='ocrx_word' id='word_1_916' title='bbox 1137 2047 1204 2075; x_wconf 78' lang='lat' dir='ltr'>idest</span> <span class='ocrx_word' id='word_1_917' title='bbox 1229 2049 1337 2086; x_wconf 79' lang='lat' dir='ltr'>pignus,</span> <span class='ocrx_word' id='word_1_918' title='bbox 1352 2050 1406 2077; x_wconf 60' lang='lat' dir='ltr'>sive</span> <span class='ocrx_word' id='word_1_919' title='bbox 1417 2050 1526 2080; x_wconf 84' lang='lat' dir='ltr'>seudum</span> <span class='ocrx_word' id='word_1_920' title='bbox 1536 2074 1542 2085; x_wconf 91' lang='lat'><em>,</em></span> <span class='ocrx_word' id='word_1_921' title='bbox 1556 2055 1667 2092; x_wconf 84' lang='lat' dir='ltr'>vulgare</span> <span class='ocrx_word' id='word_1_922' title='bbox 1676 2054 1770 2084; x_wconf 86' lang='lat' dir='ltr'>Theu-</span> 
     </span>
     <span class='ocr_line' id='line_1_118' title="bbox 971 2087 1768 2133; baseline 0.014 -19"><span class='ocrx_word' id='word_1_923' title='bbox 971 2087 1130 2115; x_wconf 86' lang='lat' dir='ltr'>tonicoruin</span> <span class='ocrx_word' id='word_1_924' title='bbox 1141 2090 1170 2118; x_wconf 91' lang='lat'>.]</span> <span class='ocrx_word' id='word_1_925' title='bbox 1196 2089 1222 2116; x_wconf 84' lang='lat' dir='ltr'>Si</span> <span class='ocrx_word' id='word_1_926' title='bbox 1234 2099 1322 2117; x_wconf 72' lang='lat' dir='ltr'>autem</span> <span class='ocrx_word' id='word_1_927' title='bbox 1333 2088 1452 2128; x_wconf 66' lang='lat' dir='ltr'>Ga&#39;gcria</span> <span class='ocrx_word' id='word_1_928' title='bbox 1465 2090 1574 2121; x_wconf 85' lang='lat' dir='ltr'>seudum</span> <span class='ocrx_word' id='word_1_929' title='bbox 1584 2094 1749 2133; x_wconf 83' lang='lat' dir='ltr'>lignisicaret</span> <span class='ocrx_word' id='word_1_930' title='bbox 1760 2117 1768 2128; x_wconf 95' lang='lat'><em>,</em></span> 
     </span>
     <span class='ocr_line' id='line_1_119' title="bbox 970 2128 1769 2173; baseline 0.014 -19"><span class='ocrx_word' id='word_1_931' title='bbox 970 2128 1111 2165; x_wconf 88' lang='lat' dir='ltr'>quomodo</span> <span class='ocrx_word' id='word_1_932' title='bbox 1122 2129 1157 2155; x_wconf 86' lang='lat' dir='ltr'>ibi</span> <span class='ocrx_word' id='word_1_933' title='bbox 1170 2129 1316 2162; x_wconf 79' lang='lat' dir='ltr'>diceretur,</span> <span class='ocrx_word' id='word_1_934' title='bbox 1329 2135 1448 2168; x_wconf 78' lang='lat' dir='ltr'>Gageria</span> <span class='ocrx_word' id='word_1_935' title='bbox 1459 2152 1465 2163; x_wconf 90' lang='lat'><em>‚</em></span> <span class='ocrx_word' id='word_1_936' title='bbox 1478 2143 1564 2170; x_wconf 73' lang='lat' dir='ltr'>quam</span> <span class='ocrx_word' id='word_1_937' title='bbox 1573 2134 1695 2173; x_wconf 74' lang='lat' dir='ltr'>defendo</span> <span class='ocrx_word' id='word_1_938' title='bbox 1705 2142 1716 2164; x_wconf 68' lang='grc' dir='ltr'><strong><em>ἒ</em></strong></span> <span class='ocrx_word' id='word_1_939' title='bbox 1728 2147 1769 2164; x_wconf 84' lang='lat' dir='ltr'>cr-</span> 
     </span>
     <span class='ocr_line' id='line_1_120' title="bbox 968 2167 1768 2215; baseline 0.013 -21"><span class='ocrx_word' id='word_1_940' title='bbox 968 2178 1004 2206; x_wconf 82' lang='lat' dir='ltr'>go</span> <span class='ocrx_word' id='word_1_941' title='bbox 1016 2167 1105 2196; x_wconf 87' lang='lat' dir='ltr'>sensus</span> <span class='ocrx_word' id='word_1_942' title='bbox 1124 2167 1187 2197; x_wconf 72' lang='lat' dir='ltr'>esset</span> <span class='ocrx_word' id='word_1_943' title='bbox 1200 2191 1207 2201; x_wconf 82' lang='lat'><em>,</em></span> <span class='ocrx_word' id='word_1_944' title='bbox 1232 2169 1340 2198; x_wconf 74' lang='lat' dir='ltr'>feudum</span> <span class='ocrx_word' id='word_1_945' title='bbox 1353 2193 1360 2203; x_wconf 85' lang='lat'><em>,</em></span> <span class='ocrx_word' id='word_1_946' title='bbox 1383 2173 1458 2209; x_wconf 89' lang='lat' dir='ltr'>quod</span> <span class='ocrx_word' id='word_1_947' title='bbox 1477 2175 1511 2201; x_wconf 85' lang='lat' dir='ltr'>de</span> <span class='ocrx_word' id='word_1_948' title='bbox 1523 2173 1622 2206; x_wconf 74' lang='lat' dir='ltr'>feudo5</span> <span class='ocrx_word' id='word_1_949' title='bbox 1645 2186 1671 2204; x_wconf 84' lang='lat' dir='ltr'>at</span> <span class='ocrx_word' id='word_1_950' title='bbox 1681 2177 1768 2215; x_wconf 70' lang='lat' dir='ltr'>qualis</span> 
     </span>
     <span class='ocr_line' id='line_1_121' title="bbox 969 2209 1768 2254; baseline 0.011 -18"><span class='ocrx_word' id='word_1_951' title='bbox 969 2209 1093 2247; x_wconf 81' lang='lat' dir='ltr'>ineptia?</span> <span class='ocrx_word' id='word_1_952' title='bbox 1117 2209 1263 2238; x_wconf 83' lang='lat' dir='ltr'>stultiiliini</span> <span class='ocrx_word' id='word_1_953' title='bbox 1277 2210 1386 2250; x_wconf 87' lang='lat' dir='ltr'>insuper</span> <span class='ocrx_word' id='word_1_954' title='bbox 1394 2211 1478 2241; x_wconf 73' lang='lat' dir='ltr'>client</span> <span class='ocrx_word' id='word_1_955' title='bbox 1491 2215 1688 2244; x_wconf 80' lang='lat' dir='ltr'>Cisterciense&gt;</span> <span class='ocrx_word' id='word_1_956' title='bbox 1698 2227 1768 2254; x_wconf 73' lang='lat' dir='ltr'>prx-</span> 
     </span>
     <span class='ocr_line' id='line_1_122' title="bbox 968 2249 1767 2294; baseline 0.011 -18"><span class='ocrx_word' id='word_1_957' title='bbox 968 2249 1102 2287; x_wconf 84' lang='lat' dir='ltr'>cipicntcs</span> <span class='ocrx_word' id='word_1_958' title='bbox 1114 2251 1198 2288; x_wconf 88' lang='lat' dir='ltr'>recipi</span> <span class='ocrx_word' id='word_1_959' title='bbox 1211 2249 1287 2279; x_wconf 85' lang='lat' dir='ltr'>feuda</span> <span class='ocrx_word' id='word_1_960' title='bbox 1297 2273 1305 2284; x_wconf 96' lang='lat'><em>,</em></span> <span class='ocrx_word' id='word_1_961' title='bbox 1326 2253 1548 2292; x_wconf 78' lang='lat' dir='ltr'>quandoquidem</span> <span class='ocrx_word' id='word_1_962' title='bbox 1566 2257 1660 2285; x_wconf 77' lang='lat' dir='ltr'>dixere</span> <span class='ocrx_word' id='word_1_963' title='bbox 1671 2257 1746 2294; x_wconf 58' lang='lat' dir='ltr'>supra</span> <span class='ocrx_word' id='word_1_964' title='bbox 1758 2277 1767 2290; x_wconf 85' lang='lat'><em>,</em></span> 
     </span>
     <span class='ocr_line' id='line_1_123' title="bbox 971 2291 1762 2332; baseline 0.011 -16"><span class='ocrx_word' id='word_1_965' title='bbox 971 2293 1119 2329; x_wconf 66' lang='lat' dir='ltr'>[ngeriae</span> <span class='ocrx_word' id='word_1_966' title='bbox 1132 2291 1245 2320; x_wconf 67' lang='lat' dir='ltr'>ulterius</span> <span class='ocrx_word' id='word_1_967' title='bbox 1257 2302 1314 2320; x_wconf 88' lang='lat' dir='ltr'>non</span> <span class='ocrx_word' id='word_1_968' title='bbox 1323 2293 1491 2332; x_wconf 80' lang='lat' dir='ltr'>recipiantur</span> <span class='ocrx_word' id='word_1_969' title='bbox 1500 2316 1507 2323; x_wconf 91' lang='lat'><strong>.</strong></span> <span class='ocrx_word' id='word_1_970' title='bbox 1520 2297 1531 2327; x_wconf 96' lang='grc'>]</span> <span class='ocrx_word' id='word_1_971' title='bbox 1547 2297 1618 2324; x_wconf 90' lang='lat' dir='ltr'>Vide</span> <span class='ocrx_word' id='word_1_972' title='bbox 1626 2298 1762 2325; x_wconf 73' lang='lat' dir='ltr'>Gadium.</span> 
     </span>
    </p>
   </div>
   <div class='ocr_carea' id='block_1_21' title="bbox 109 2322 1765 2374">
    <p class='ocr_par' dir='ltr' id='par_1_21' title="bbox 109 2322 1765 2374">
     <span class='ocr_line' id='line_1_124' title="bbox 109 2322 1765 2374; baseline 0.01 -26"><span class='ocrx_word' id='word_1_973' title='bbox 109 2331 156 2349; x_wconf 87' lang='lat' dir='ltr'>cus</span> <span class='ocrx_word' id='word_1_974' title='bbox 167 2341 175 2348; x_wconf 88' lang='lat'>.</span> <span class='ocrx_word' id='word_1_975' title='bbox 194 2322 309 2351; x_wconf 65' lang='lat' dir='ltr'>Trunci.</span> <span class='ocrx_word' id='word_1_976' title='bbox 330 2324 358 2351; x_wconf 89' lang='lat' dir='ltr'>in</span> <span class='ocrx_word' id='word_1_977' title='bbox 376 2334 449 2352; x_wconf 58' lang='lat' dir='ltr'>notis</span> <span class='ocrx_word' id='word_1_978' title='bbox 460 2345 467 2352; x_wconf 96' lang='lat'>.</span> <span class='ocrx_word' id='word_1_979' title='bbox 492 2325 566 2355; x_wconf 87' lang='lat' dir='ltr'>Vide</span> <span class='ocrx_word' id='word_1_980' title='bbox 586 2328 758 2366; x_wconf 66' lang='lat' dir='ltr'>Litbostroms</span> <span class='ocrx_word' id='word_1_981' title='bbox 769 2348 775 2356; x_wconf 90' lang='lat'><em>.</em></span> <span class='ocrx_word' id='word_1_982' title='bbox 794 2331 909 2368; x_wconf 64' lang='lat' dir='ltr'>Hustin&lt;</span> <span class='ocrx_word' id='word_1_983' title='bbox 924 2331 1053 2360; x_wconf 59' lang='lat' dir='ltr'>Casium</span> <span class='ocrx_word' id='word_1_984' title='bbox 1064 2352 1072 2363; x_wconf 86' lang='lat'><em>,</em></span> <span class='ocrx_word' id='word_1_985' title='bbox 1095 2335 1121 2360; x_wconf 57' lang='grc' dir='ltr'>ἃ</span> <span class='ocrx_word' id='word_1_986' title='bbox 1134 2336 1206 2365; x_wconf 69' lang='lat' dir='ltr'>Gaia</span> <span class='ocrx_word' id='word_1_987' title='bbox 1217 2353 1225 2365; x_wconf 93' lang='lat'><em>‚</em></span> <span class='ocrx_word' id='word_1_988' title='bbox 1239 2333 1312 2361; x_wconf 81' lang='lat' dir='ltr'>lucus</span> <span class='ocrx_word' id='word_1_989' title='bbox 1326 2355 1334 2367; x_wconf 87' lang='lat'><em>‚</em></span> <span class='ocrx_word' id='word_1_990' title='bbox 1357 2337 1384 2363; x_wconf 88' lang='lat'>&amp;</span> <span class='ocrx_word' id='word_1_991' title='bbox 1396 2334 1478 2364; x_wconf 86' lang='lat' dir='ltr'>densa</span> <span class='ocrx_word' id='word_1_992' title='bbox 1489 2347 1516 2364; x_wconf 77' lang='lat' dir='ltr'>sc</span> <span class='ocrx_word' id='word_1_993' title='bbox 1527 2346 1610 2374; x_wconf 82' lang='lat' dir='ltr'>opaca</span> <span class='ocrx_word' id='word_1_994' title='bbox 1621 2335 1715 2371; x_wconf 82' lang='lat' dir='ltr'>sylva.</span> <span class='ocrx_word' id='word_1_995' title='bbox 1739 2338 1765 2365; x_wconf 70' lang='lat' dir='ltr'>Si</span> 
     </span>
    </p>
   </div>
   <div class='ocr_carea' id='block_1_22' title="bbox 109 2372 464 2436">
    <p class='ocr_par' dir='ltr' id='par_1_22' title="bbox 109 2372 464 2436">
     <span class='ocr_line' id='line_1_125' title="bbox 113 2372 178 2391; baseline -0.015 0"><span class='ocrx_word' id='word_1_996' title='bbox 113 2372 160 2391; x_wconf 62' lang='grc' dir='ltr'>ΡΜΣ</span> <span class='ocrx_word' id='word_1_997' title='bbox 170 2381 178 2390; x_wconf 77' lang='grc' dir='ltr'><strong><em>ο</em></strong></span> 
     </span>
     <span class='ocr_line' id='line_1_126' title="bbox 109 2390 464 2436; baseline 0.008 -3"><span class='ocrx_word' id='word_1_998' title='bbox 109 2390 125 2399; x_wconf 50' lang='lat'><em>⁹</em></span> <span class='ocrx_word' id='word_1_999' title='bbox 143 2404 334 2436; x_wconf 69' lang='lat' dir='ltr'>Hierolexicon</span> <span class='ocrx_word' id='word_1_1000' title='bbox 354 2409 449 2436; x_wconf 71' lang='lat' dir='ltr'>Macri</span> <span class='ocrx_word' id='word_1_1001' title='bbox 457 2427 464 2436; x_wconf 92' lang='lat'><strong><em>.</em></strong></span> 
     </span>
    </p>
   </div>
   <div class='ocr_carea' id='block_1_23' title="bbox 966 2370 1762 2456">
    <p class='ocr_par' dir='ltr' id='par_1_23' title="bbox 966 2370 1762 2456">
     <span class='ocr_line' id='line_1_127' title="bbox 966 2370 1762 2420; baseline 0.006 -20"><span class='ocrx_word' id='word_1_1002' title='bbox 966 2372 1025 2410; x_wconf 87' lang='lat' dir='ltr'>quis</span> <span class='ocrx_word' id='word_1_1003' title='bbox 1036 2372 1179 2411; x_wconf 76' lang='lat' dir='ltr'>accipitres</span> <span class='ocrx_word' id='word_1_1004' title='bbox 1192 2372 1226 2402; x_wconf 85' lang='lat' dir='ltr'>de</span> <span class='ocrx_word' id='word_1_1005' title='bbox 1235 2370 1314 2408; x_wconf 73' lang='lat' dir='ltr'>sylva</span> <span class='ocrx_word' id='word_1_1006' title='bbox 1327 2375 1422 2404; x_wconf 85' lang='lat' dir='ltr'>tulerit</span> <span class='ocrx_word' id='word_1_1007' title='bbox 1433 2397 1440 2408; x_wconf 89' lang='lat'><em>,</em></span> <span class='ocrx_word' id='word_1_1008' title='bbox 1463 2386 1579 2415; x_wconf 69' lang='lat' dir='ltr'>excepto</span> <span class='ocrx_word' id='word_1_1009' title='bbox 1589 2376 1622 2405; x_wconf 89' lang='lat' dir='ltr'>de</span> <span class='ocrx_word' id='word_1_1010' title='bbox 1633 2379 1696 2420; x_wconf 77' lang='lat' dir='ltr'>gajo</span> <span class='ocrx_word' id='word_1_1011' title='bbox 1706 2379 1762 2406; x_wconf 86' lang='lat' dir='ltr'>Re-</span> 
     </span>
     <span class='ocr_line' id='line_1_128' title="bbox 1477 2426 1720 2456; baseline 0.012 -14"><span class='ocrx_word' id='word_1_1012' title='bbox 1477 2426 1490 2454; x_wconf 78' lang='lat'><em>3</em></span> <span class='ocrx_word' id='word_1_1013' title='bbox 1662 2427 1704 2456; x_wconf 76' lang='lat' dir='ltr'><strong>ng</strong></span> <span class='ocrx_word' id='word_1_1014' title='bbox 1713 2439 1720 2450; x_wconf 84' lang='grc'><strong><em>,</em></strong></span> 
     </span>
    </p>
   </div>
  </div>
 </body>
</html>
