1866 2526
156 64 236 102 71²
505 50 544 89 V
576 52 617 92 O

133 106 207 137 suam
220 129 227 140 ,
251 110 279 137 ὅ(
291 107 412 137 umbram
424 108 558 146 quandam
569 106 726 137 miserabilis
735 107 822 137 subire
834 109 933 142 conju-

133 148 192 187 gii,
213 158 293 187 quam
304 148 350 177 sub
359 149 448 188 gloria
468 149 586 177 univirae
606 158 687 187 opera
698 159 824 177 exercere
843 157 932 175 mere-

134 190 234 218 tricum
248 210 254 217 .
268 193 280 221 ]
299 189 415 218 Dicitur
426 189 509 217 etiam
518 190 644 217 Unicnba
652 209 660 216 .
669 189 759 218 Unde
770 191 796 218 S.
806 188 932 217 Pacianus

1278 49 1389 92 VO

989 114 1047 149 ¹cap.
1059 107 1109 149 4]
1135 106 1172 133 In
1189 104 1288 150 eodem
1303 106 1382 137 sensu
1391 108 1464 145 Job,
1487 119 1510 137 c.
1531 114 1577 138 28.
1593 108 1628 140 de
1636 107 1778 150 SapIentia

989 155 1098 184 inquit:
1124 145 1319 180 [Abscondtta
1334 148 1372 175 est
1391 149 1422 176 ab
1440 149 1528 178 oculis
1547 152 1674 180 omnium
1684 152 1785 182 viven-

991 186 1060 214 tium
1070 206 1079 219 ,
1100 186 1221 214 volucres
1232 196 1340 226 quoque
1352 188 1429 216 Coeli
1439 189 1505 218 latet
1515 209 1523 217 .

133 229 316 259 Barcinonen.
335 229 422 268 Episc.
443 229 597 258 Haereticos
616 231 762 268 objurgans
782 250 790 262 ‚
821 228 932 266 inquit:
950 228 1054 256 Vomx
1067 247 1075 259 ‚
1097 226 1167 254 idest
1179 247 1188 258 ,
1211 227 1294 255 velox
1307 246 1314 254 ·
1338 230 1454 265 [Atque
1471 249 1480 261 ‚
1507 239 1538 258 ut
1557 232 1664 260 volaces
1683 230 1785 271 greffus

136 273 219 304 [Vos
239 281 253 298 a
270 270 364 299 matris
382 269 506 298 unicubae
523 279 638 307 corpore
656 269 815 301 receffistis‚
837 279 860 296 c.
882 271 930 307 3.]

989 266 1119 295 acceleret
1129 287 1137 299 ,
1158 265 1323 295 exhortatur
1333 287 1341 294 .
1362 269 1435 295 Petr.
1445 268 1575 299 Damian.
1585 272 1630 300 lib.
1642 283 1670 310 3.
1681 283 1723 311 ep.
1738 277 1764 301 8.

134 311 255 340 Ecclesifi
269 310 406 348 intelligit
420 332 426 342 ‚
444 319 504 349 quae
515 310 598 338 unico
608 319 712 338 tantum
724 309 840 338 Christo
851 311 932 347 Spon.
950 309 1104 335 Votucms
1117 328 1125 339 ‚
1149 306 1218 335 idest
1230 328 1238 340 ,
1261 307 1385 346 Angelus
1395 328 1402 334 .
1425 308 1497 336 Vide
1517 311 1625 340 Volatile
1636 332 1644 340 .

133 349 163 379 so
183 352 330 386 conjuncta
352 351 409 378 est.

94 390 294 420 UNIVIRATUS
305 413 312 424 ,
337 390 458 419 mulieris
469 390 642 429 monogamia
652 411 660 418 .
677 390 783 426 [Nulla
793 388 933 424 hujusmo-·

136 432 165 459 di
178 432 213 460 sce
219 432 351 461 minarum
362 432 397 460 de
408 432 481 459 bono
491 431 647 460 univiratus
658 431 735 470 loqui
749 431 829 460 novit
839 451 845 459 .
868 434 935 460 Ter-

134 473 196 501 tull.
208 472 254 501 lib.
271 483 293 500 1.
303 472 335 500 ad
345 473 473 501 Uxorem
486 492 492 499 .

94 512 171 543 Uno
185 534 192 545 ‚
216 513 326 542 verbum
337 534 346 545 ,
372 522 421 551 pro
432 515 501 541 Unio
511 533 518 545 ,
541 512 575 541 de
584 523 638 550 quo
649 511 848 542 Tertullianus:
874 515 935 547 [Et

134 553 181 592 qui
192 563 277 582 unum
288 575 296 586 ‚
318 553 491 591 eundemque
510 554 684 582 contendunt
694 556 801 582 Patrem
812 575 820 585 ‚
842 557 869 581 δ(
891 553 935 581 Fi-

951 349 1136 376 Vocucutun
1149 358 1154 374 :
1168 347 1298 375 volumen
1308 369 1315 380 ,
1325 348 1519 386 conglobatio:
1545 351 1783 391 [Dm-astumque

990 398 1004 415 a
1013 386 1069 415 sum
1076 397 1120 415 mo
1128 397 1209 415 unam
1220 389 1337 429 gemmis
1347 387 1548 417 coruscantibus
1570 400 1673 420 crucem
1684 394 1717 422 ad
1728 403 1785 421 ter-

990 437 1047 455 ram
1069 428 1185 464 dejecit,
1209 427 1384 466 c'olieffisque
1403 428 1503 456 velulis
1521 450 1529 461 ‚
1562 440 1589 458 ac
1609 432 1728 468 palliolis
1750 433 1785 462 de

990 467 1105 496 circuitu
1123 468 1257 506 parietum
1276 468 1456 506 pendentibus
1475 479 1559 497 unum
1572 472 1727 501 voluculum
1748 474 1786 502 le-

990 507 1046 536 cit.
1070 511 1159 547 Greg.
1179 511 1284 539 Turon.
1300 508 1349 536 lib.
1368 508 1489 538 miracul.
1511 520 1533 537 c.
1548 512 1599 542 πμ]
1623 511 1695 540 Vide
1714 515 1785 541 Volu-

992 559 1073 582 mm.

139 595 207 623 lium
218 616 225 627 ‚
236 597 287 629 jam
299 593 437 632 incipiunt
448 594 576 623 dividere
587 594 649 623 illos
660 595 749 632 potius
760 615 767 626 ‚
779 603 859 632 quani
869 603 934 622 una-
951 590 1098 618 VOLUMEN
1110 609 1117 617 ·
1141 588 1214 617 Vide
1228 589 1321 617 Biblia
1334 592 1422 618 cratis
1432 610 1439 617 ·
1464 590 1575 619 Contos
1593 591 1623 619 in
1633 590 1697 620 dist.
1720 595 1789 620 Con-

135 645 163 662 re
175 656 180 662 .
206 633 321 664 Advers.
332 637 411 664 Prax.
423 645 445 663 c.
461 645 506 667 27.

97 674 192 704 Um
204 696 210 702 .
231 677 288 704 PR.
300 674 357 704 haec
368 674 456 704 diffio
465 686 476 703 :t
488 673 602 703 Christo
614 675 739 703 Domino
750 675 855 713 prolata
865 696 873 707 ,
893 673 935 703 di-

988 633 1099 697 ltacium
1117 649 1125 657 .
1149 630 1223 658 Vide
1240 630 1476 667 optstbographum
1497 652 1503 662 ‚

1000 680 1047 698 um
1059 690 1067 698 .

1528 632 1630 660 Botula
1650 653 1658 664 ,
1681 632 1789 661 Volum-

136 716 290 744 verfimode
299 716 366 744 circa
376 715 483 744 diversa
494 715 663 753 intelligitur
675 737 682 747 ,
707 715 816 753 quando
826 736 835 748 ‚
859 725 935 744 acm-
951 711 1163 739 VOI-UTABRUM
1174 731 1180 738 ·
1202 712 1258 739 FR·
1269 710 1350 738 limus
1361 731 1369 743 5
1392 710 1423 738 in
1433 720 1487 748 quo
1499 711 1576 748 porci
1586 713 1769 741 revolvuntur
1780 731 1789 739 ο

135 766 170 794 pc
183 778 190 788 ,
214 766 269 784 ait:
296 758 388 792 [Non
399 767 449 794 pro
459 756 497 784 eis
506 764 593 784 autem
611 766 680 795 rogo
689 765 816 787 tantum5
840 755 886 784 sed
907 760 934 784 ὃ(

135 807 187 834 pro
198 798 237 825 eis
247 819 255 830 ‚
278 798 325 835 qui
337 796 470 825 credituri
482 795 545 824 sunt
556 806 603 833 per
615 797 726 825 verbum
738 807 831 825 eorum
841 796 871 824 in
883 807 933 825 me:

995 755 1007 784 [
1019 754 1051 778 Et
1063 751 1140 779 velut
1150 750 1208 779 sues
1219 751 1248 779 in
1262 750 1409 779 volutabris
1418 752 1504 780 everri
1514 773 1522 784 ‚
1547 763 1605 780 can.
1614 752 1646 781 hi
1659 774 1667 785 ‚
1689 754 1737 792 qui
1755 753 1792 780 al.

991 791 1080 824 tario,
1102 790 1164 818 dist.
1180 801 1203 818 1.

134 848 163 865 ut
174 848 271 867 omnes
283 847 366 866 unum
377 837 430 865 {int
444 858 452 869 ,
475 836 542 865 ficut
553 846 580 864 tu
594 838 671 865 Pater
682 837 711 864 in
721 847 763 865 me
775 859 782 869 ,
805 841 833 866 ὁ(
844 847 896 876 ego
907 837 934 864 in
951 833 1171 860 Voaiommns
1183 851 1189 858 ·
1215 832 1272 859 FR·
1289 831 1320 859 in
1338 829 1556 869 profunditatem
1577 832 1677 862 mersus
1689 853 1696 861 ·
1729 838 1741 868 [
1763 834 1792 860 IS

137 888 178 907 te:
204 887 232 907 ut
243 881 271 906 ὃ(
282 877 331 916 ipsi
343 878 371 905 in
385 877 461 905 nobis
471 887 555 905 unum
568 877 620 905 sint
630 898 636 904 .
656 879 700 915 Jo.
716 888 758 911 17.
773 879 840 908 ια]
861 877 934 916 quod

135 920 170 947 {ic
180 919 296 958 exponit
309 920 458 947 Innocent.
470 919 526 947 ΙΙΙ.
551 918 578 945 in
589 917 718 946 decretal.
743 919 840 953 [Cum
865 929 933 957 crgo

137 959 239 987 veritas
249 969 299 997 pro
309 959 433 987 fidelibus
442 956 497 986 suis
507 968 566 986 orat
586 959 619 986 ad
628 960 757 986 Patrem:
782 959 881 991 Volo(
894 959 943 995 in-⁴

990 872 1101 910 quidem
1110 870 1174 899 sane
1185 871 1254 899 circa
1266 871 1402 909 principia
1421 869 1461 914 sui
1469 870 1538 913 ¹solo
1548 873 1658 909 palustri
1680 873 1792 912 voragi-

992 922 1073 980 litatus
1084 911 1273 990 zpqcstvzzigio
1284 910 1447 950 irrspetloris
1466 912 1606 941 inadibilis
1615 913 1653 941 est
1665 934 1672 941 .
1693 913 1793 942 Sidon·

138 999 199 1037 quit
211 1004 222 1032 )
242 1008 271 1027 ut
282 999 331 1037 ipfi
340 999 393 1028 fint
407 1008 489 1027 unum
504 998 533 1025 in
544 998 637 1031 nobis,
659 999 726 1028 ficut
737 1009 786 1027 nos
799 1009 883 1027 unum
895 998 1147 1026 su-*VoxArumus
1159 1012 1166 1019 ·
1188 994 1244 1021 FR·
1255 990 1308 1020 hoc
1322 992 1482 1022 vocabulum
1493 1002 1622 1031 corrupte
1641 993 1671 1021 in
1680 993 1791 1023 Tertul-

136 1050 210 1068 mus:
231 1039 282 1068 hoc
294 1049 395 1068 nomen
407 1049 489 1067 unum
499 1048 550 1076 pro
561 1039 684 1068 fidelibus
706 1039 816 1077 quidem
838 1039 936 1077 accipi-

136 1090 181 1108 tur
192 1101 198 1112 ,
221 1089 251 1108 ut
263 1080 434 1120 intelligatur
445 1080 513 1107 unio
524 1079 550 1107 in
562 1080 668 1119 grati25
692 1090 744 1118 pro
755 1079 877 1118 personis
890 1090 936 1107 ve-

138 1132 168 1148 ro
179 1121 286 1149 divinis
297 1142 304 1153 ‚
327 1131 357 1149 ut
367 1121 524 1150 attendatur
539 1121 692 1149 identitatis
704 1121 791 1150 unitas
803 1121 830 1148 in
842 1129 938 1148 natura

135 1165 187 1189 &a
207 1172 228 1190 c.
240 1162 417 1196 damnamus,
440 1162 474 1190 de
494 1160 596 1190 summa
607 1161 684 1190 Triu.
705 1165 732 1191 δ(
753 1161 807 1190 fide
825 1160 934 1192 ῥιπὴ]

135 1203 247 1231 Contra
255 1202 416 1240 opinionem
430 1201 569 1240 Joach‘imi
582 1202 651 1230 Abb.

95 1241 182 1270 Unus
200 1264 207 1275 ,
226 1243 255 1270 in
266 1244 321 1271 Sac.
332 1244 469 1282 Scriptura
481 1242 535 1270 hoc
547 1242 707 1271 vocabulum
721 1253 776 1271 non
791 1253 851 1271 raro
863 1240 938 1280 prio-

135 1292 241 1311 ritfttem
252 1284 358 1311 ordinis
380 1283 514 1322 signis-irat
527 1303 533 1311 .
555 1284 686 1320 [Pactum
697 1283 734 1311 est
755 1283 866 1321 vespere
878 1304 886 1315 ,
909 1285 936 1310 δ(

135 1333 215 1352 mane
227 1324 284 1353 dics
296 1334 362 1351 unus
374 1344 380 1351 .
404 1323 504 1352 Genes.
515 1334 536 1351 c.
554 1334 574 1351 ι.
587 1326 598 1355 ]
624 1324 667 1351 ubi
678 1328 754 1352 Unus
766 1326 885 1362 primum
894 1321 937 1349 so-

136 1373 183 1391 mt
195 1385 203 1396 ‚
225 1368 253 1393 &
272 1364 302 1391 in
312 1364 410 1392 eodem
421 1363 500 1391 sensu
514 1385 521 1395 ‚
544 1364 608 1392 ibid.
633 1374 657 1390 c.
669 1376 694 1392 2.
708 1364 824 1402 legitur:
847 1369 863 1398 ι[
877 1365 937 1391 No-

136 1414 199 1432 men
209 1405 288 1432 unius
300 1403 438 1435 pinsum]
459 1404 532 1432 Idest
545 1426 552 1436 ,
564 1413 667 1432 nomen
678 1405 760 1442 primi
773 1414 828 1433 crat
837 1404 936 1440 Phison

136 1446 209 1473 Nam
220 1444 378 1472 immedtate
390 1443 520 1482 sequitur:
536 1446 672 1480 [Nomen
682 1444 794 1473 secundi
804 1444 933 1475 Gehon]

135 1484 177 1513 Sic
189 1485 362 1524 Evangelista
372 1486 478 1513 Marcus
490 1507 497 1517 ,
521 1495 543 1512 c.
569 1496 577 1512 1
586 1492 611 1513 6.
632 1485 665 1513 de
686 1484 792 1513 Chi-isti
805 1483 936 1514 Resurre-

135 1526 228 1554 &ione
246 1535 328 1564 agens
340 1547 348 1557 ,
372 1525 483 1564 inquit:
509 1525 599 1560 [Una
621 1526 796 1554 Sabbatorum
805 1528 834 1558 ,]
867 1524 936 1554 idest

139 1567 225 1604 prima
235 1565 414 1594 hebdomadis
424 1565 470 1594 die
479 1586 490 1603 ,
510 1576 569 1604 quae
582 1565 633 1594 suit
646 1566 796 1594 Dominica
808 1587 815 1593 .
837 1566 879 1593 Sic
898 1574 935 1592 ct-

136 1617 190 1635 iam
200 1607 350 1644 Apostolus
367 1618 388 1634 ι.
400 1605 525 1635 Corinth
551 1617 559 1633 1
568 1613 594 1634 6.
610 1606 731 1635 fidelibus
741 1605 936 1634 commendans

136 1646 337 1682 eleemosynam
350 1668 358 1679 ,
378 1646 487 1684 inquit,
500 1656 528 1674 ut
541 1646 615 1674 illam
629 1648 657 1674 in
668 1647 712 1676 die
722 1647 872 1676 Dominica
881 1646 936 1674 col-

135 1689 268 1727 ligerent,
278 1687 389 1726 quando
400 1687 492 1716 fideles
503 1696 602 1725 nempe
611 1688 643 1716 :d
654 1688 819 1716 audiendum
830 1688 937 1715 Sacrum

136 1730 166 1758 in
188 1728 333 1757 Ecclesiam
354 1727 541 1757 convenirent
560 1738 567 1754 z
589 1727 637 1757 sub
659 1728 701 1755 his
722 1729 827 1757 verbis:
856 1733 866 1761 [
887 1729 938 1758 Per

135 1779 218 1798 unam
230 1769 334 1797 Sabbati
347 1767 533 1807 unusquisque
545 1767 663 1796 vestrum
675 1769 744 1806 apud
763 1767 791 1796 se
801 1777 915 1805 reponat
930 1788 937 1799 ,

136 1809 285 1838 recondens
298 1830 305 1841 ‚
328 1809 403 1846 quod
422 1809 448 1836 ci
469 1809 536 1837 bene
552 1809 703 1847 placuerit.
729 1809 826 1843 [Etin
841 1807 938 1836 eodem

135 1850 215 1879 sensu
235 1849 264 1878 in
277 1860 331 1886 eius
342 1849 458 1887 Regulis
478 1850 503 1877 S.
515 1848 678 1878 Pachomius
690 1860 697 1877 :
723 1854 734 1884 [
747 1849 802 1883 Qui
815 1847 848 1876 ad
858 1857 936 1876 unam

134 1891 288 1919 orationem
299 1890 400 1919 tardius
415 1890 522 1918 venerit
533 1911 540 1922 ,
552 1892 564 1921 ]
585 1889 690 1918 scilicet
710 1890 744 1917 :td
753 1890 867 1927 primam
879 1899 937 1917 ora-

134 1932 239 1959 tionem
251 1950 256 1957 .

95 1974 242 2002 vocarus
254 1993 263 2004 ,
282 1980 385 1999 nomen
396 1969 594 1998 substantivum
605 1991 612 2003 ,
633 1970 708 2009 quod
719 1968 894 1998 vocationem
906 1969 937 1997 si-

135 2011 270 2050 gnifica-t:
295 2012 343 2047 [Si
356 2012 386 2040 in
397 2021 496 2040 vocatu
507 2031 515 2043 ,
531 2020 579 2038 nec
600 2012 630 2039 in
641 2011 779 2039 sacrificiis
797 2010 829 2039 fit
841 2011 937 2037 titulus

135 2052 242 2084 officii,
264 2056 393 2091 &operae
415 2061 482 2080 mese
496 2051 662 2089 expunftio.
684 2052 800 2080 Tertull.
819 2050 853 2078 de
862 2051 936 2079 Idol.

134 2103 158 2120 c.
183 2099 216 2121 16
225 2112 232 2119 .

95 2134 295 2162 VociiuuTAs
307 2152 313 2159 .
338 2134 395 2161 FR.
415 2132 585 2171 Obiurgatio
597 2152 604 2158 .
633 2138 645 2167 [
665 2132 710 2161 Ut
731 2132 822 2160 nullus
843 2130 938 2159 audeat

138 2172 332 2210 confugientes
343 2173 377 2201 ad
389 2172 531 2201 Ecclcfiam
543 2195 551 2206 ‚
565 2173 610 2201 vel
620 2172 770 2201 residentes
781 2171 845 2200 inde
857 2171 885 2199 vi
895 2172 938 2199 ab·

992 1034 1070 1061 liano
1082 1055 1089 1065 ‚
1112 1036 1139 1061 &
1161 1032 1230 1060 male
1241 1032 1271 1059 in
1281 1032 1342 1061 casu
1351 1034 1424 1061 recto
1443 1043 1456 1061 a
1467 1034 1607 1071 Calepino
1628 1033 1794 1072 speculatum

993 1074 1027 1102 in
1041 1074 1105 1102 dist.
1118 1073 1269 1102 Voratrina
1282 1074 1446 1111 exponitur,
1474 1073 1518 1102 ubi
1530 1075 1564 1102 iic
1577 1074 1683 1112 inquit:
1709 1081 1721 1110 [
1734 1076 1793 1103 Vo-

993 1116 1095 1143 ratrina
1108 1114 1218 1141 officina
1238 1113 1372 1142 vorandi:
1395 1112 1505 1152 gulosus
1516 1113 1628 1142 lion-io.
1650 1114 1792 1145 Tertull.]

993 1155 1045 1183 Sed
1060 1155 1132 1183 unde
1144 1153 1223 1182 habet
1239 1175 1247 1186 ,
1256 1154 1330 1192 quod
1342 1153 1522 1182 voratrinaiit
1532 1155 1645 1183 officina
1656 1155 1792 1184 vorandi?

993 1206 1022 1223 ac
1033 1195 1290 1234 quaelibetcaupona
1302 1216 1310 1226 ,
1333 1195 1459 1227 taberna,
1482 1195 1602 1233 coquina
1619 1196 1658 1224 est
1676 1195 1792 1224 officina

992 1235 1148 1265 devorandi
1163 1246 1169 1262 :
1193 1244 1237 1263 aut
1254 1235 1365 1273 quando
1376 1233 1486 1272 gulosus
1496 1234 1582 1263 homo
1593 1237 1742 1274 appellatus
1752 1236 1793 1264 est

997 1285 1117 1314 caupona
1129 1297 1138 1308 ‚
1161 1276 1269 1304 taberna
1280 1296 1287 1307 ,
1312 1278 1338 1302 ἃ
1349 1273 1466 1312 coquina
1478 1279 1488 1304 ἓ
1509 1276 1547 1304 est
1559 1286 1632 1304 enim
1644 1276 1792 1314 impropria

992 1317 1114 1347 locuti05
1127 1317 1196 1351 fnum
1205 1314 1360 1349 hujusmodi
1375 1315 1497 1342 officinae
1510 1326 1568 1343 non
1580 1316 1714 1344 devorant
1724 1337 1731 1348 ,
1743 1315 1792 1344 sed

992 1357 1113 1394 praebent
1123 1355 1277 1384 devorandi
1289 1354 1430 1382 materiam
1439 1377 1446 1386 ,
1468 1358 1495 1382 ἃ
1508 1356 1568 1383 talis
1580 1355 1733 1384 differentia
1751 1356 1792 1384 est

993 1406 1068 1424 inter
1081 1406 1208 1425 voracem
1219 1417 1227 1427 ,
1249 1398 1276 1422 «Sc
1287 1396 1427 1422 officinam
1438 1395 1569 1428 vorandi,
1590 1397 1675 1433 qualis
1696 1396 1733 1424 est
1747 1396 1792 1423 in,

992 1446 1033 1465 ter
1046 1437 1228 1474 recipientem
1240 1456 1249 1467 ,
1272 1439 1298 1463 ὃ(
1310 1434 1479 1472 praebentem
1488 1446 1500 1468 ,-
1522 1435 1632 1472 gulosus
1641 1447 1698 1464 non
1710 1437 1791 1464 dero-

993 1486 1039 1515 gat
1050 1498 1058 1509 ,
1081 1476 1128 1505 sed
1142 1477 1273 1505 devorat.
1298 1478 1371 1512 Ergo
1394 1474 1544 1512 impropria
1554 1475 1685 1513 Calepini
1703 1476 1793 1513 appli-

994 1517 1067 1545 catio
1082 1539 1088 1545 .
1113 1518 1165 1546 Sed
1176 1516 1316 1545 veniamus
1328 1515 1360 1543 ad
1373 1514 1541 1543 Tertulliani
1552 1515 1649 1545 verba÷
1672 1515 1707 1544 fic
1716 1516 1797 1544 enim

994 1557 1042 1585 ille
1053 1579 1061 1591 ‚
1084 1568 1140 1596 cap.
1154 1568 1202 1595 39.
1214 1556 1338 1594 Apolog.
1360 1556 1456 1590 [Nam
1467 1554 1531 1583 inde
1543 1566 1599 1583 non
1609 1556 1721 1594 Epulis,
1734 1566 1794 1584 non

994 1599 1128 1626 Potaculis
1140 1619 1148 1630 ,
1171 1607 1221 1624 ner:
1233 1595 1350 1634 ingratis
1361 1594 1519 1623 Vomrinis
1533 1594 1722 1633 dispensatur,
1744 1595 1793 1625 sed

994 1639 1097 1676 Egcnis
1108 1659 1115 1667 .
1128 1641 1139 1670 ]
1165 1637 1223 1665 Ubi
1234 1635 1321 1664 sermo
1332 1636 1438 1663 estnon
1460 1635 1494 1663 de
1505 1635 1694 1665 instrumentis
1704 1659 1712 1670 ‚
1736 1646 1796 1665 ma-

996 1679 1074 1707 teriis
1086 1700 1094 1711 ‚
1118 1679 1163 1707 vel
1172 1677 1293 1706 officinis
1306 1676 1337 1704 ad
1349 1675 1549 1704 comedendum
1558 1697 1567 1708 ,
1585 1680 1612 1704 δε
1622 1677 1770 1706 bibendum
1781 1688 1790 1707 ς

994 1718 1041 1746 sed
1059 1720 1092 1748 de
1102 1717 1227 1757 personis
1239 1717 1380 1756 loquitur5
1403 1720 1431 1745 ὃ(
1450 1716 1570 1753 primum
1589 1717 1674 1745 dictio
1693 1719 1792 1755 Epulis

997 1760 1052 1798 legi
1064 1761 1143 1788 debet
1154 1758 1254 1786 Edulis
1267 1769 1276 1788 ·,
1297 1767 1360 1785 nam
1368 1760 1388 1784 F„
1396 1756 1453 1784 duli
1464 1757 1529 1785 teste
1538 1757 1636 1785 Iiidor.
1657 1758 1687 1785 in
1697 1757 1791 1787 Glossa

993 1800 1104 1838 gulosos
1124 1807 1267 1828 voratores
1278 1797 1433 1836 significant
1446 1816 1454 1825 .
1476 1798 1615 1826 Potaculis
1633 1798 1702 1826 idest
1714 1819 1722 1831 ,
1744 1797 1794 1827 Bi-

994 1841 1094 1868 bsculis
1112 1851 1126 1868 a
1144 1839 1297 1877 frequentia
1318 1837 1432 1876 potandi
1444 1856 1452 1864 .
1475 1838 1549 1865 Item
1568 1841 1717 1867 Voratrinis
1736 1841 1793 1874 ejus

994 1881 1198 1909 nominativum
1218 1890 1276 1907 non
1298 1878 1397 1906 faceret
1411 1877 1559 1906 Voratrina
1572 1898 1579 1910 ,
1603 1887 1632 1906 ut
1642 1879 1791 1917 Calepinus

994 1922 1164 1961 excogitavit
1175 1941 1183 1952 ,
1197 1918 1243 1948 sed
1256 1919 1419 1948 Voratrinus
1429 1939 1437 1950 ‚
1456 1917 1522 1946 sicut
1534 1928 1643 1947 econtra
1653 1919 1682 1947 in
1693 1919 1792 1947 eodem

994 1963 1148 2001 fignificatu
1171 1963 1344 1988 Carni-voras
1368 1957 1477 1997 gulosus
1500 1959 1638 1987 dicebatur
1656 1980 1665 1986 .
1692 1957 1791 1988 Sensus

996 2003 1081 2041 igitur
1092 2001 1257 2032 Tertulliani
1276 2000 1337 2028 talis
1358 2000 1396 2026 est
1409 2019 1417 2031 ‚
1441 2008 1557 2037 nempe,
1580 2000 1655 2038 quod
1672 2010 1731 2028 „011
1748 1999 1791 2027 di-

995 2043 1133 2081 sponsatur
1143 2040 1230 2070 edulis
1241 2062 1250 2073 ,
1272 2040 1398 2068 bibaculis
1408 2060 1416 2071 ‚
1438 2043 1466 2068 δι
1486 2041 1600 2078 ingratis
1623 2039 1792 2071 carnivoris,

993 2083 1040 2113 sed
1051 2094 1148 2122 egenis
1158 2102 1166 2110 .
1188 2082 1280 2119 Igitur
1291 2083 1449 2108 Voratrinus
1461 2101 1469 2112 ‚
1486 2080 1532 2108 seu
1551 2080 1641 2120 potius
1651 2080 1791 2109 Carnivo—

994 2135 1037 2153 rus
1050 2125 1079 2153 in
1091 2125 1165 2153 recto
1174 2120 1235 2151 casu
1244 2143 1253 2154 ‚
1271 2125 1299 2150 ὃ(
1311 2131 1368 2149 non
1378 2121 1526 2149 Vox-:urim
1538 2142 1546 2153 ‚
1565 2132 1594 2150 ut
1605 2121 1788 2160 excogitarat,

993 2165 1144 2204 calepinus
1156 2185 1164 2196 ‚
1186 2163 1242 2191 dici
1254 2162 1335 2190 debet
1346 2181 1353 2188 .
1375 2161 1448 2189 Vide
1471 2162 1592 2191 Ambro.

135 2212 255 2242 strahere
265 2234 273 2246 ‚
296 2223 339 2241 aut
352 2213 536 2251 quidcumque
547 2213 730 2241 vocibilitatis
741 2233 752 2248 ,
775 2214 820 2241 vel
831 2212 937 2244 damni,
953 2211 1100 2239 Vo'rAREA
1112 2227 1123 2239 ,
1143 2204 1305 2233 vocabulum
1315 2201 1475 2231 mendosum
1486 2202 1555 2240 apud
1567 2201 1734 2232 Anastafiuin
1744 2202 1791 2229 Bi-

137 2253 183 2283 seu
202 2252 284 2291 spolii
296 2252 474 2282 residentibus
494 2264 523 2281 m
542 2255 606 2282 loco
622 2253 715 2282 sanRO
736 2253 855 2286 inferre,
878 2262 936 2282 can.

137 2293 263 2322 difinivit
274 2314 282 2326 ‚
311 2304 355 2326 17.
368 2303 413 2332 qu.
424 2304 452 2328 4.

99 2334 254 2362 Voinrnoe
270 2355 278 2366 ‚
302 2343 352 2371 pro
363 2334 491 2372 Angelo:
517 2333 678 2368 [Vol-„tilia
687 2333 767 2363 Coeli
778 2331 884 2370 semper
895 2332 938 2360 vi-

96 2405 100 2408 ,
137 2373 205 2403 dent
217 2373 311 2404 taciem
320 2375 406 2405 Patris
418 2374 472 2403 mei
484 2394 492 2402 .
512 2374 551 2404 D.
563 2373 691 2404 Ambrofi
709 2374 756 2403 lib.
772 2384 798 2403 τ..
811 2373 937 2414 7Ηειειηι.

994 2247 1093 2278 hlioth.
1106 2247 1135 2275 in
1145 2245 1334 2274 Constantino
1344 2265 1352 2277 ,
1374 2242 1418 2270 ubi
1435 2244 1470 2272 fic
1479 2243 1532 2271 ait:
1560 2241 1683 2279 [Omnis
1702 2249 1790 2269 coetus

993 2293 1127 2319 Romanae
1149 2285 1237 2315 Urbis
1253 2286 1401 2326 imaginem
1410 2305 1418 2316 ,
1439 2293 1519 2323 quam
1536 2283 1627 2313 Graeci
1650 2291 1791 2310 votaream

996 2339 1094 2359 vocant
1104 2350 1111 2361 ,
1132 2327 1179 2357 sex
1191 2327 1382 2357 continentem
1392 2323 1493 2354 sanctas
1501 2347 1510 2359 ‚
1521 2335 1548 2353 ac
1558 2321 1725 2352 universales
1737 2323 1790 2357 Sy-

994 2371 1100 2404 nodos,
1121 2369 1153 2398 in
1164 2367 1278 2397 Ecclelia
1291 2371 1320 2399 Β.
1331 2365 1408 2399 Petri
1418 2374 1563 2396 erexerunt
1575 2365 1605 2396 ι]
1628 2363 1718 2404 Quam
1739 2372 1791 2391 vo-

1689 2412 1749 2432 cem

1832 0 1866 145 ξ

1860 2173 1866 2216 -.:.
1856 1934 1866 2157 ‚nm-.-
