1866 2526
543 60 609 90 ex·
630 48 706 90 IV.
739 47 940 101 Regum,
972 45 1020 88 ὃ(
1051 46 1084 88 1.
1117 45 1295 100 Paralip.

103 105 182 138 enim
192 107 246 137 alia
256 107 336 137 verba
347 110 403 135 Hoc
411 107 525 144 estJahu
533 127 542 140 ,
553 105 601 146 qui
611 105 699 135 adhuc
710 104 824 134 vivebat
834 111 905 132 tem-

109 155 175 185 pore
184 146 316 188 josaphat
325 147 410 186 Regis
419 167 427 176 .
721 186 726 191 ,
753 186 758 191 Π

65 187 136 228 Cap.
150 204 164 222 ²
173 203 197 221 ι.
206 199 232 220 v.
242 199 290 224 ²4·
301 188 329 218 Si
340 198 462 218 mortuus
474 187 556 218 fiterit
567 187 640 218 Λεὼ
650 186 820 217 incivitate
831 207 839 219 ,
860 195 906 214 co-

107 234 219 263 medat
229 239 291 259 eum
301 240 381 258 canes
391 241 398 260 ς
411 229 429 258 fi
442 239 535 258 autent
544 229 574 259 in
584 238 650 268 agro
659 251 668 263 ‚
687 228 837 258 comedent
844 236 906 256 eum

107 274 230 304 volueres
247 271 312 299 coeli
320 291 327 298 .
340 273 352 303 ]
376 270 561 300 Contrarium
581 268 703 300 alleritur
714 290 722 302 ,
742 279 800 308 cap.
809 267 868 313 seq..
878 277 905 296 v.

104 320 152 348 37.
161 312 293 342 nimirum
304 333 312 345 ‚
323 315 378 347 ejus
388 321 486 350 corpus
495 310 632 350 sepultum
643 310 719 340 suisse
728 311 758 339 in
769 311 885 340 Samaria
897 319 905 339 5

105 365 185 383 canes
197 363 264 382 vero
282 352 372 382 solum
383 352 493 382 linxifle
509 354 566 387 ejus
575 351 737 390 sanguinem
748 372 755 380 .
777 349 905 388 Respon-

106 395 159 424 deo
169 416 175 423 .
199 395 278 423 Deus
287 393 391 423 remisit
407 393 512 432 aliquid
521 393 556 422 de
574 391 721 421 severitate
733 391 832 430 judicii
844 401 906 429 pro-

103 446 164 475 pter
181 434 350 465 subsecutam
369 434 565 473 poenitentiam
576 453 584 461 .
606 433 696 462 Unde
715 433 744 462 in
764 433 780 461 fi
785 442 818 460 ne
827 431 906 476 hujus

104 478 204 516 capitis
214 477 252 506 ait
269 476 406 505 Dominus
416 476 448 504 ad
460 475 549 505 Eliam
563 486 570 503 .·
595 476 722 510 [Nonne
742 472 843 517 vidisti·
854 472 903 501 hu-

103 518 243 547 miliatum
265 516 359 547 Achab
379 526 471 545 coram
483 525 545 548 me3
570 515 640 551 Quia
650 515 736 553 igitur
745 513 905 543 humilimus

104 559 143 588 est
153 559 206 588 mei
224 556 301 589 causa
310 580 318 590 ,
343 568 401 587 non
412 557 539 586 inducam
557 557 658 585 malum
677 555 708 584 in
718 555 812 584 diebus
830 557 885 590 ejus
895 565 902 585 ς

1630 62 1654 99 7
1663 61 1709 98 51

959 114 1020 134 cum
1034 114 1147 143 regnare
1156 103 1278 143 coepiss'et
1288 124 1295 131 .
1305 105 1318 135 1
1339 105 1394 133 Pro
1404 103 1545 135 solutione
1556 105 1637 144 hujus
1645 110 1768 145 difficul-

960 146 1024 175 tatis
1044 145 1190 175 necessario
1206 144 1412 185 agnoscendum
1431 147 1470 174 est
1489 150 1618 179 mendum
1631 153 1661 181 in
1671 155 1759 186 Libris

959 186 1046 217 Paral.
1055 196 1085 215 ut
1095 187 1135 215 ait
1145 187 1173 216 C
1175 189 1238 222 ajet.
1247 190 1275 216 ὁ(
1284 186 1410 216 Tor-niel.
1421 188 1498 226 quod
1508 193 1657 226 provenire
1666 198 1761 234 potuit

961 238 996 257 ex
1007 228 1079 257 notis
1093 227 1227 257 hebraicis
1239 227 1350 256 vitiatis
1362 249 1370 260 ,
1395 238 1458 257 mm
1468 239 1520 267 pro
1530 231 1600 266 Cas,
1622 238 1650 264 ὅ(
1663 237 1734 266 Beth
1748 260 1757 272 ‚

961 268 1032 298 idest
1044 281 1091 298 η.
1101 268 1252 308 posuerunt
1262 270 1336 298 Mem
1346 291 1354 301 ‚
1377 273 1405 299 δ(
1417 270 1486 299 Beth
1499 291 1506 304 ,
1530 271 1598 302 idest
1608 286 1646 309 42
1656 287 1697 306 .ut
1709 289 1763 307 no-

961 310 1032 339 tavit
1051 310 1174 339 Mariana
1197 309 1225 338 in
1234 309 1308 339 hunc
1328 310 1419 339 locum
1430 322 1439 342 ς
1463 313 1536 342 unde
1555 315 1648 344 noster
1659 321 1764 350 Tenus

961 352 1091 380 Arabicus
1102 350 1300 389 manuscriptus
1311 371 1320 384 ,
1343 361 1397 389 quo
1407 352 1511 383 utimur
1521 377 1528 387 ‚
1551 355 1620 395 legit
1638 358 1722 389 etiam
1732 362 1762 390 in

962 392 1009 420 lib.
1022 392 1105 420 Paral.
1118 395 1221 429 mginti
1231 393 1364 420 duorum.
1388 392 1448 421 NiG
1461 395 1536 423 enini
1548 396 1618 427 hanc
1635 400 1764 431 admittas

962 432 1169 471 responsionem
1182 455 1190 465 ,
1213 433 1320 471 cogeris
1329 433 1482 462 concedere
1492 435 1579 466 filium
1598 439 1713 471 biennio
1722 442 1763 472 sc-

961 474 1068 502 niorcm
1089 483 1165 511 patre
1175 472 1240 504 su05
1264 484 1327 502 nam
1337 475 1430 511 Joram
1450 485 1528 514 pater
1538 478 1676 511 Ochoziae
1688 493 1764 514 mor.

959 524 1020 542 tuus
1029 514 1067 543 est
1079 515 1307 554 quadragenarius
1318 537 1326 549 ,
1338 525 1368 543 ut
1378 514 1491 547 habetur
1501 529 1527 548 ε..
1539 521 1643 550 Parnm
1654 533 1675 550 1.
1687 535 1764 555 v.20.

959 558 988 584 ὅ(
1000 567 1026 590 4.
1038 557 1109 593 Reg.
1123 561 1148 584 8.
1161 566 1188 584 v.
1205 566 1249 587 ¹7-

104 599 152 628 scd
163 602 192 629 in
201 601 292 629 diebus
303 599 354 628 filii
373 597 454 630 sui.]
478 598 534 634 Qui
545 595 648 626 occisus
661 595 714 625 fuit
725 617 735 630 ‚
757 606 786 624 ac
796 596 904 624 canibus
919 595 989 634 Cap.
1004 606 1046 633 ¹3.
1058 606 1084 623 ν.
1102 607 1145 632 ¹9·
1170 596 1219 632 [Si
1231 595 1394 634 percuffisses
1413 600 1561 644 quinquies·
1571 625 1578 636 ,
1597 613 1644 633 aut
1655 603 1742 634 sexies
1753 627 1763 640 ‚

103 642 253 679 projectus:
275 641 314 669 ita
324 651 350 675 4.
362 641 432 678 Reg.
446 650 475 675 9.
489 648 514 667 v.
533 650 580 673 ²4·

63 682 134 720 Cap.
148 694 195 712 22.
207 692 234 711 v.
250 692 294 718 ις.
318 678 470 716 [Ascende
480 683 526 715 ,&
537 679 607 707 vade
618 677 747 717 prospere
757 698 764 709 ,
777 676 903 722 &tradet

104 733 163 752 eam
173 722 311 752 Dominus
321 721 351 749 in
360 730 455 748 manus
466 719 538 759 regis
547 721 578 750 .]
600 721 670 748 Haec
680 717 829 757 Prophetia
850 720 901 762 M-i-

103 763 177 793 cheae
187 774 245 792 non
263 762 355 790 solum
364 761 416 789 fuit
429 760 514 791 falsas
535 759 582 789 sed
593 759 704 799 insuper
723 757 780 798 ipsc
801 761 863 788 Rex
875 768 903 803 in

104 805 158 834 illo
168 804 266 842 praelio
279 802 329 831 fuit
340 801 443 830 occisus
452 821 460 829 .
483 800 654 840 Respondeo
663 822 670 828 .
690 800 810 829 Micheas
821 799 904 828 ironi-

103 856 134 875 ce
145 845 306 884 loquebatur
316 864 324 876 ‚
336 843 411 882 quod
421 841 528 881 optime
537 843 662 881 percepit
671 844 744 874 Rex,
757 841 845 871 velex
857 850 903 879 ge-

99 887 141 916 stu
152 907 160 919 ,
184 886 230 915 vel
249 895 284 914 ex
303 884 391 913 modo
411 883 565 922 loquendi.
588 883 677 913 Unde
698 882 804 918 adjurat
813 883 904 919 Postea

103 926 273 966 Prophetam
285 946 297 963 ,
317 934 347 955 nt
356 924 471 964 seposita
480 924 593 953 fifflone
602 946 611 958 ,
629 934 693 954 vera
701 933 794 968 aperte
813 923 904 961 loqua-

102 978 147 997 tur
159 990 167 1002 ,
191 967 234 996 his
244 967 349 996 verbis:
364 966 470 1003 [Dixit
481 974 572 994 autem
582 976 629 994 rex
641 966 675 995 ad
685 974 746 994 euni
758 976 765 992 .·
783 974 885 1008 iterum
896 986 903 997 ,

107 1018 190 1047 atque
207 1010 308 1037 iterum
319 1007 416 1044 adjuro
426 1017 454 1036 te
464 1028 472 1039 ,
491 1016 522 1035 ut
531 1017 590 1036 non
610 1006 730 1046 loquaris
744 1004 833 1038 mihi,
854 1005 903 1034 rufi

99 1050 176 1088 quod
188 1059 285 1078 verum
295 1049 333 1078 est
345 1050 376 1081 ,J
401 1048 477 1088 quod
487 1047 616 1086 praestitit
627 1047 729 1077 deinde
748 1045 886 1086 Propheta
896 1068 904 1080 ,

101 1101 129 1118 v-
145 1102 186 1124 ¹7·
198 1091 331 1119 nuncians
340 1090 364 1118 ci
375 1099 472 1118 necem
482 1109 489 1116 .

61 1131 132 1160 Ibid.
146 1142 189 1169 v.3
197 1143 222 1166 4.
235 1131 311 1167 [Vir
319 1140 409 1160 autem
419 1130 532 1170 quidam
542 1130 664 1159 tetendit
674 1138 767 1158 arcum
777 1128 807 1157 in
817 1128 906 1158 inccr-

103 1181 166 1200 tum
175 1171 304 1211 sagittam
315 1172 439 1211 dirigens
450 1193 456 1204 ,
468 1174 495 1199 ὅ(
505 1170 563 1199 casu
575 1170 702 1209 percuffit
714 1179 807 1208 regem
817 1169 903 1200 Israel

104 1223 179 1242 inter
188 1213 351 1252 pulmonem
363 1235 371 1246 ,
394 1216 422 1242 ὃ(
432 1211 600 1242 stomachum
613 1234 618 1240 .
632 1215 643 1244 ]
668 1211 761 1241 Aliter
778 1210 904 1250 loquitur

102 1257 207 1284 ’renus
218 1266 246 1283 ι.
264 1255 323 1283 Par.
333 1264 390 1292 cap.
407 1258 450 1283 18.
473 1263 500 1281 v.
514 1263 561 1291 33.
585 1255 686 1288 [Inter
696 1251 834 1281 cervicem
845 1274 854 1285 ‚
877 1256 904 1281 ὃς

100 1293 220 1334 scapulas
230 1315 237 1321 .
250 1297 260 1326 ]
284 1294 456 1333 Respondeo
467 1316 473 1327 ‚
498 1295 600 1332 primus
613 1297 716 1323 Textus
726 1294 852 1332 loquitur
870 1294 904 1322 de

101 1336 215 1364 vulnere
225 1335 294 1364 sacto
305 1336 333 1364 in
343 1335 465 1375 ingrellu
475 1334 584 1373 sagitt-*e
595 1345 603 1365 ς
613 1333 746 1363 secundus
755 1344 823 1363 vero
832 1338 904 1364 Tex-

104 1386 147 1405 tus
157 1377 281 1414 loquitur
290 1377 324 1404 de
334 1375 438 1414 egressii
447 1375 569 1412 ejusdem
578 1375 686 1413 sagittae
698 1396 705 1403 .
722 1376 821 1404 Telum
830 1376 905 1405 enim

961 637 1018 665 sive
1028 635 1147 674 septies,
1171 635 1335 675 percuffisses
1356 638 1463 673 Syriam
1483 642 1566 682 usque
1585 646 1619 674 ad
1636 646 1766 676 consum-

961 678 1088 716 ptionem
1101 680 1130 709 .]
1156 681 1190 707 Et
1203 687 1295 706 tamen
1312 678 1385 707 idern
1398 681 1538 721 Propheta
1557 687 1640 724 paulo
1650 698 1714 718 ante
1723 689 1766 718 di-

961 728 1040 747 xerat
1051 730 1058 746 .-
1083 725 1096 754 [
1108 718 1299 757 Percutiesque
1309 719 1417 755 Syriam
1429 723 1458 752 in
1471 724 1567 763 Aphcc
1577 750 1585 760 ‚
1600 728 1688 758 donec
1697 740 1765 758 con<

960 757 1047 788 sumas
1057 770 1114 788 eam
1127 781 1133 787 .
1145 762 1158 792 ]
1180 759 1350 798 Respondeo
1362 782 1368 788 .
1380 764 1522 802 Propheta
1531 768 1636 797 locutus
1647 771 1685 799 est
1695 782 1765 800 con-

961 800 1099 830 ditionate
1111 823 1117 834 ,
1130 800 1262 829 nimirum
1275 823 1283 834 ‚
1307 802 1326 831 fi
1335 813 1383 831 rex
1396 803 1497 835 fecisset
1506 829 1514 840 ‚
1526 809 1602 846 quod
1611 810 1686 841 Deus
1696 822 1766 850 prae-

962 842 1116 880 requirebat
1125 851 1254 881 tanquam
1264 843 1372 882 signum
1382 866 1390 878 ‚
1405 856 1504 885 nempe
1516 871 1524 882 ‚
1542 848 1683 889 septenam
1703 863 1765 892 per-

960 881 1111 911 cuslionem
1123 905 1131 916 ‚
1154 893 1233 921 quam
1242 885 1437 915 conditionem
1446 898 1494 917 rex
1508 891 1633 930 neglexit
1644 904 1652 924 ς
1676 894 1712 923 ita
1724 898 1765 924 A·

961 923 1016 952 bul.
1035 925 1125 960 Cajet.
1146 924 1218 953 suar.
1238 925 1321 965 Vasq.
1332 930 1360 957 ὅ(
1382 930 1480 959 Ari-ub.
1501 932 1547 969 qui
1558 931 1612 962 hoc
1633 936 1764 974 exemplo

961 964 1078 1003 probant
1088 966 1179 994 Deum
1187 967 1273 995 multa
1285 968 1454 1005 praenoscere
1463 971 1578 1002 scientia
1587 975 1764 1006 conditiona-

961 1015 987 1034 ta
997 1027 1005 1038 ‚
1028 1017 1088 1044 quae
1100 1016 1238 1045 nunquam
1260 1007 1348 1038 futura
1357 1009 1420 1039 sunt
1434 1023 1441 1042 ς
1467 1012 1532 1042 licet
1548 1015 1632 1045 css'ent
1643 1017 1758 1056 quidem

962 1047 1051 1075 sutura
1064 1069 1072 1081 ,
1094 1048 1113 1076 si
1125 1058 1276 1087 poneretur
1291 1051 1436 1081 conditio.

922 1088 992 1126 Cap.
1010 1098 1018 1116 i
1029 1098 1053 1124 5.
1065 1099 1090 1116 v.
1103 1101 1130 1121 7·
1146 1089 1398 1131 [Sepelieruntque
1409 1104 1470 1124 eum
1479 1104 1540 1125 cum
1551 1099 1698 1132 majoribus
1708 1099 1762 1129 suis

963 1129 992 1157 in
1001 1129 1116 1159 civitate
1127 1131 1232 1164 David,
1244 1133 1256 1163 ]
1269 1132 1341 1161 libro
1353 1144 1419 1164 vcro
1431 1148 1457 1165 2.
1471 1137 1555 1166 Paral.
1567 1150 1625 1178 cap.
1639 1147 1684 1169 26.
1698 1142 1762 1176 [Se-

961 1170 1101 1209 pelierunt
1119 1182 1180 1200 eum
1199 1172 1229 1200 in
1251 1182 1319 1211 agro
1349 1176 1483 1214 regilium
1500 1177 1687 1217 sepulcrorum
1700 1203 1708 1214 ,
1731 1193 1765 1212 eo

959 1211 1035 1250 quod
1047 1211 1109 1256 estet
1123 1212 1241 1251 leprosus
1251 1234 1258 1241 .
1271 1215 1283 1244 ]
1296 1215 1466 1254 Respondeo
1478 1220 1591 1250 Azarias
1603 1224 1664 1251 Rex
1675 1222 1768 1261 sepul-

959 1261 1002 1280 tus
1013 1253 1127 1291 quidem
1148 1254 1199 1282 fuit
1218 1264 1304 1293 prope
1321 1267 1418 1296 regum
1438 1259 1584 1298 sepulcrm
1605 1262 1654 1292 sed
1665 1265 1766 1294 nonin

959 1294 1100 1322 communi
1129 1294 1253 1333 sepulcro
1263 1318 1270 1329 ,
1294 1308 1327 1326 eo
1346 1300 1421 1337 quod
1447 1301 1512 1331 esset
1531 1303 1652 1342 leprosus
1662 1326 1670 1338 ,
1693 1306 1767 1345 quast

960 1344 1132 1364 mortuorum
1142 1335 1195 1365 ossa
1205 1336 1350 1368 horrerent
1361 1340 1465 1379 lepram
1475 1343 1557 1372 etiam
1567 1345 1597 1374 in
1606 1345 1686 1386 regio
1705 1357 1766 1375 cor-

960 1386 1027 1414 pore
1036 1396 1044 1403 0

99 1426 133 1444 ex
145 1416 273 1445 inferiori
282 1417 345 1445 loco
354 1415 460 1444 miffiun
474 1438 481 1448 ,
503 1425 532 1443 ac
544 1425 592 1454 per
603 1425 741 1444 armorum
752 1416 904 1446 commiflii—
920 1417 991 1455 Cap.
1007 1428 1016 1445 1
1026 1422 1050 1446 8.
1064 1428 1090 1445 v.
1105 1430 1131 1447 2.
1155 1418 1290 1458 [Viginti
1301 1431 1405 1450 novem
1422 1424 1502 1454 annis
1513 1427 1644 1465 regnavit
1654 1448 1661 1456 .
1674 1429 1686 1460 ]
1711 1430 1766 1458 Lo-

101 1467 141 1484 ης
153 1455 300 1495 ingrestum
312 1478 320 1490 ‚
341 1456 446 1485 sursum
457 1455 549 1485 versus
559 1456 636 1485 inter
645 1455 782 1486 cervicem
793 1480 800 1492 ,
811 1462 839 1487 δε
850 1457 904 1486 sca-

964 1457 1059 1496 quitut
1070 1462 1175 1488 Textus
1192 1460 1226 1488 de
1239 1463 1318 1499 Rege
1331 1463 1468 1496 Ezechiam
1493 1476 1539 1505 qui
1553 1477 1647 1497 tamen
1657 1469 1764 1508 viginti

100 1497 178 1535 pulas
189 1497 317 1536 prorupit
328 1517 335 1524 .
358 1501 460 1527 Tenus
470 1496 609 1527 hebraicus
619 1497 770 1527 concordat
781 1510 790 1530 3
801 1509 864 1527 nam
875 1499 904 1527 in
959 1498 1067 1537 septem
1078 1500 1157 1528 annis
1167 1500 1256 1530 solum
1267 1505 1397 1541 regnavit
1406 1528 1414 1539 ,
1438 1517 1466 1535 ut
1480 1508 1626 1538 manifeste
1642 1511 1747 1539 constat
1756 1531 1764 1539 ,

101 1547 221 1576 utroque
234 1538 297 1567 loco
308 1538 378 1577 legit
386 1544 464 1567 Inter
474 1538 626 1576 ligaturas,
637 1539 672 1572 &t
681 1539 830 1573 thoracem,
841 1550 905 1580 qua-

100 1588 131 1607 re
142 1580 261 1618 Vulgata
270 1579 300 1607 in
312 1579 388 1608 libris
398 1581 507 1618 Regum
517 1578 607 1608 ass'erit
617 1580 716 1609 vulnus
727 1579 802 1610 fuifl'e
812 1581 841 1610 in
853 1582 904 1610 sto-

104 1618 205 1648 macho
213 1642 221 1654 ,
233 1619 279 1648 ubi
288 1619 359 1649 solet
369 1619 448 1659 ligari
459 1629 595 1650 armatura
605 1641 612 1648 .
627 1621 663 1650 In
672 1621 903 1660 Paralipomenon

103 1670 171 1689 vero
180 1660 210 1689 in
221 1659 335 1700 scapulis
345 1661 428 1691 habet
439 1682 448 1694 ,
461 1661 506 1690 ubi
517 1662 598 1692 etiarn
609 1660 698 1690 solent
709 1661 760 1692 effe
768 1673 903 1693 armorum

102 1701 227 1741 ligaturae
237 1720 246 1729 .

117 1783 186 1811 EX
228 1784 434 1814 LIBRO
477 1783 551 1812 1v.
595 1785 845 1816 REGUM.

62 1861 150 1892 CAP.
164 1867 187 1891 8.
201 1873 228 1890 v.
245 1874 287 1892 ιο.
310 1863 473 1903 [Dixitque
493 1864 518 1893 ei
529 1863 658 1894 Elisaeus:
690 1866 769 1895 Vade
779 1887 788 1900 ,
808 1866 903 1901 dicei,

101 1901 235 1932 sanaberis
246 1924 253 1931 .
268 1906 281 1936 ]
305 1904 406 1933 Statim
416 1915 484 1934 vero
501 1905 658 1944 subjungit:
685 1908 798 1942 [Porro
813 1908 905 1937 osten-

99 1944 143 1973 dit
153 1944 225 1972 mihi
236 1945 377 1974 Dominus
386 1966 394 1978 ,
406 1946 471 1985 quia
481 1947 573 1975 'morte
583 1947 745 1979 morietur-J
759 1949 827 1977 Haec
835 1959 902 1978 con-

101 1985 184 2014 traria
194 1984 258 2013 sunt
270 1986 387 2015 omnino
400 2006 407 2014 .
429 1986 600 2026 Respondeo
610 2009 618 2020 ‚
638 1989 684 2016 vel
696 1988 802 2018 ironice
814 1990 903 2029 loqui-

100 2025 186 2054 turin
207 2027 298 2064 primo
315 2029 425 2060 Texru,
447 2029 492 2057 vel
503 2038 580 2057 certe
599 2028 631 2057 ad
643 2038 766 2057 mentem
783 2031 903 2060 interro-

100 2065 192 2105 gantis
213 2065 378 2105 respondet3
398 2069 536 2107 quaerebat
546 2068 622 2098 enim
632 2091 641 2103 ‚
660 2080 695 2098 an
713 2071 821 2100 morbus
839 2070 902 2101 efl'et

100 2106 211 2136 lethalis
220 2128 229 2141 ‚
247 2109 290 2136 cui
301 2107 440 2147 Propheta
451 2120 514 2139 vera
524 2109 687 2149 respondit;
706 2121 769 2140 nam
780 2122 826 2140 rex
837 2123 902 2142 con-

101 2148 192 2176 valuit
201 2157 236 2177 ex
247 2149 294 2177 illa
305 2150 468 2179 infirmitate
476 2173 484 2185 ‚
497 2162 549 2190 qua
559 2152 676 2180 minime
685 2153 822 2182 extinc'tus
834 2152 901 2187 fuit5

101 2187 150 2216 sed
161 2188 287 2219 violenta
308 2188 488 2221 suffocatione
498 2193 530 2221 ab
551 2202 665 2221 externa
676 2192 750 2221 causa
759 2215 767 2226 ,
789 2204 819 2222 ut
828 2203 902 2232 paret

958 1542 1079 1570 Tantum
1097 1541 1171 1569 enim
1181 1544 1314 1581 temporis
1332 1546 1414 1575 fluxit
1425 1558 1438 1576 a
1457 1558 1546 1578 morte
1556 1550 1639 1588 patris
1659 1554 1715 1586 ejus
1723 1550 1765 1580 us-

961 1591 1014 1620 que
1024 1581 1057 1610 ad
1070 1582 1176 1611 obitum
1187 1583 1267 1621 ipfius
1280 1584 1408 1616 Ezechiae
1420 1609 1427 1616 .
1451 1589 1620 1628 Respondeo
1630 1613 1637 1619 .
1660 1594 1764 1621 'sextus

960 1632 1158 1651 commemorat
1167 1624 1235 1653 duos
1245 1624 1328 1654 ctiam
1342 1637 1437 1663 annos,
1450 1632 1545 1669 quibus
1555 1631 1632 1661 simul
1644 1642 1706 1662 cum
1717 1642 1763 1672 pa-

960 1672 1003 1691 tre
1014 1673 1178 1702 regumverat
1188 1685 1196 1692 .

920 1705 989 1742 Cap.
1002 1713 1048 1739 25.
1060 1715 1087 1733 v.
1098 1716 1126 1738 7.
1151 1706 1335 1746 [Vinxitque
1345 1719 1405 1738 eum
1415 1713 1519 1741 catenis
1529 1735 1537 1746 ‚
1559 1717 1585 1742 δι
1598 1713 1712 1742 adduxit
1734 1714 1765 1744 in

961 1745 1174 1780 Babylonem]
1199 1749 1333 1786 Loquitur
1356 1753 1459 1780 'sextus
1478 1754 1513 1782 de
1526 1755 1689 1792 captivitate
1710 1758 1765 1786 Re-.

961 1786 1004 1824 gis
1013 1786 1132 1815 Sedeciae
1142 1809 1149 1821 ,
1167 1789 1202 1816 de
1214 1798 1269 1827 quo
1280 1791 1447 1827 predixerit
1458 1794 1589 1824 Ezechiel
1601 1794 1744 1834 Propheta
1756 1818 1765 1830 ,

960 1837 1019 1865 cap.
1035 1838 1078 1856 η.
1098 1838 1126 1856 ν.
1141 1839 1183 1866 ¹3·
1208 1834 1221 1864 [¹
1238 1829 1378 1860 Adducam
1397 1844 1459 1862 euni
1480 1836 1506 1863 in
1522 1836 1692 1872 Babylonem
1711 1847 1765 1866 ter-

961 1877 1018 1896 ram
1029 1867 1229 1897 chaldeorum
1241 1891 1248 1902 ,
1259 1874 1286 1899 δ(
1300 1871 1386 1909 ipsam
1397 1885 1455 1904 non
1468 1876 1573 1905 videbit
1584 1879 1613 1908 .]
1638 1878 1765 1910 Quomo-

960 1908 998 1938 do
1007 1908 1095 1948 igitur
1113 1910 1243 1938 adduftus
1266 1911 1294 1939 in
1305 1913 1483 1944 Caldaeorum
1496 1917 1657 1957 regionem,
1681 1917 1768 1957 ipsam

959 1959 1051 1978 tamen
1061 1961 1119 1979 non
1134 1951 1228 1981 vidit?
1250 1951 1420 1992 Respondeo
1432 1981 1438 1990 ,
1460 1968 1526 1986 vei-e
1544 1959 1667 1988 Sedecias
1677 1959 1766 1997 Baby-

960 1991 1070 2022 lonem,
1093 2002 1121 2020 ac
1131 1991 1297 2021 Chaldaeam
1317 2006 1374 2025 non
1387 1997 1480 2030 vidit5
1503 2010 1564 2028 nam
1583 2001 1670 2030 oculis
1686 2001 1766 2031 orba-

959 2041 1002 2102 ttlts
1011 2042 1044 2061 eo
1054 2032 1150 2102 dpQus
1161 2033 1212 2062 fuit
1222 2055 1231 2067 ‚
1254 2035 1327 2065 unde
1335 2037 1486 2078 Prophetae
1497 2041 1664 2072 vaticinium
1673 2042 1764 2072 adim-

958 2083 976 2113 p
988 2082 1063 2103 etum
1086 2083 1126 2102 uit
1137 2094 1145 2102 .

1022 2157 1069 2185 Ex
1091 2156 1217 2187 inmo
1238 2158 1263 2187 1.
1286 2150 1661 2194 PARAHPOMENON.

99 2239 135 2258 ex
146 2228 221 2258 vers.
236 2241 244 2258 ι
254 2239 279 2264 ς.
290 2229 330 2260 ita
339 2233 429 2268 Cajet.
438 2236 467 2262 ἁ
476 2234 552 2262 Sanc.
565 2234 633 2262 Sunt
642 2242 710 2273 ergo
720 2234 776 2264 duo
787 2234 901 2276 respon·
917 2237 1005 2266 CAP.
1021 2249 1046 2266 ι..
1060 2248 1087 2267 v.
1103 2248 1112 2265 ι
1122 2247 1147 2273 ς.
1160 2238 1438 2278 [SeptimumDavid
1450 2264 1457 2271 .
1471 2246 1482 2275 ]
1497 2246 1636 2275 Numerat
1646 2243 1764 2286 scriput—

100 2268 126 2298 sa
138 2294 144 2305 ‚
166 2279 227 2309 qua
238 2270 271 2299 ad
279 2271 398 2302 diversas
409 2272 495 2302 causas
505 2274 661 2304 referuntur
670 2295 677 2303 .

57 2310 131 2341 Ibid.
142 2321 170 2339 v.
186 2317 233 2340 26.
247 2318 259 2347 f
272 2313 384 2352 Viginti
394 2314 511 2344 duorum
522 2314 660 2345 annorum
669 2325 726 2345 erat
737 2316 880 2349 ochozias
891 2343 898 2354 ‚

959 2288 987 2307 ra
996 2278 1070 2308 filios
1081 2278 1136 2307 lsai
1148 2301 1157 2312 ‚
1178 2290 1246 2319 quos
1257 2280 1347 2312 asserit
1358 2282 1435 2313 fuiss'e
1444 2283 1552 2325 septem
1564 2298 1571 2318 ;
1593 2291 1621 2317 ὅ(
1633 2297 1727 2318 tamen
1741 2299 1765 2319 1.

959 2322 1032 2359 Reg.
1056 2326 1102 2349 16.
1127 2329 1154 2348 v.
1169 2331 1214 2365 ¹.⁰·
1230 2332 1412 2355 numerantur
1422 2326 1486 2356 οᾶο
1506 2328 1661 2364 [Adduxit
1672 2329 1767 2369 itaque

956 2360 1012 2391 Isai
1023 2361 1128 2401 septem
1138 2360 1211 2391 filios
1229 2362 1291 2393 suos
1302 2376 1394 2396 coram
1406 2367 1529 2399 Samuele
1539 2392 1547 2404 ,
1569 2373 1597 2400 δε
1608 2370 1647 2400 ait
1660 2371 1768 2401 Samuel

956 2402 989 2434 ad
1002 2401 1063 2433 lsai.-
1077 2403 1148 2433 Non
1156 2403 1242 2445 elegit
1252 2405 1390 2440 Dominus
1399 2419 1433 2440 ex
1445 2409 1527 2446 istis.)
1539 2412 1620 2443 Inter
1628 2412 1764 2484 istpgittion

65 2368 70 2372 -
96 2361 161 2381 eum
173 2361 289 2391 regnare
308 2355 432 2394 toepifl'et
444 2358 476 2388 .]
498 2357 612 2387 Contra
628 2367 697 2386 vero
717 2360 841 2388 2.Paral.
853 2372 899 2391 22.

98 2401 128 2424 v.
141 2403 167 2423 2.
183 2398 195 2430 [
209 2393 397 2436 Quadraginta
406 2396 522 2428 duorum
531 2408 666 2429 annorum
675 2408 734 2429 erat
742 2399 897 2436 ochozias,
