1866 2526
156 81 234 136 636
516 72 544 115 S
576 70 616 113 T

139 148 230 168 cui-ate
241 136 371 166 trastetui·
380 155 390 171 ,
401 131 591 172 strigofitatem
599 122 740 156 contrahit
751 145 760 157 ,
771 125 798 153 δε
810 119 937 161 asperita-

142 189 199 208 tem
212 191 219 207 :
243 178 279 207 ita
298 173 427 206 studiosus
439 172 549 203 virtutis
559 192 567 203 ‚
579 169 624 198 vel
634 176 716 195 unam
724 164 820 194 horam
829 161 938 205 desede-

139 220 178 249 rit
187 216 290 248 otiosus
301 238 309 251 ,
320 227 384 245 mox
395 225 408 243 a
418 215 526 243 fervore
535 210 631 249 gratiae
643 205 766 238 refrixit,
778 209 805 234 ὅ(
816 205 847 232 in
859 201 939 245 vesti<

140 260 190 299 gio
201 259 228 288 se
248 258 291 287 illi
300 257 424 285 inferunt
443 251 540 281 muscae
553 248 659 289 peccati
669 269 678 281 ‚
697 257 757 285 quae
776 245 939 274 exinaniunt

139 299 273 339 spiritalis
289 295 394 335 opificii
717 328 720 331 Δ
754 327 758 331 ¹
903 319 910 330 Ι

142 343 203 373 87.]
217 340 259 369 Sic
270 338 343 366 enim
354 338 409 372 ejus
420 336 559 372 Interpres
569 339 686 371 graecam
695 325 940 369 dictione-uxripusi

142 380 238 411 vertit,
248 389 306 416 quie
317 375 447 406 duritiem
459 373 592 413 fignificat
602 391 608 398 .
621 372 678 398 PR,
692 365 829 397 Antiochi
840 368 938 406 Morta-

140 420 187 449 chi
198 419 327 448 homeliae
350 426 446 445 extant
459 415 487 442 in
497 411 670 442 Bibliotheca
687 411 744 438 PP-
765 408 832 435 Haec
844 409 941 433 Antio-

143 460 191 489 chi
200 460 301 499 phrasis
309 456 496 487 Ciceroniana
508 454 561 482 est:
583 453 618 481 fic
628 449 702 478 enim
713 448 820 486 Tullius
833 446 865 474 de
876 444 942 488 Cla-

143 501 180 530 ris
198 499 364 530 Oratoribus
385 498 413 525 in
424 497 521 524 eodem
542 490 724 522 studiosorum
746 486 890 526 proposito
900 494 942 512 iu—

142 541 205 581 quit
217 552 223 570 ;
241 546 254 576 [
266 541 357 569 Habet
367 538 443 566 enim
452 545 539 565 certos
548 533 588 562 sui
600 529 732 562 studiosos
742 551 750 562 ‚
761 529 877 566 quinon
888 534 943 553 tam

143 581 249 611 habitus
258 579 381 618 corporis
390 577 507 616 opimos,
517 584 598 614 quam
608 571 772 613 gracilitates
783 567 944 612 consesten-

144 632 189 651 tur
203 631 285 660 :quos
298 619 427 649 valetudo
438 618 522 646 modo
532 617 602 645 bona
611 615 643 643 fit
654 633 662 645 ,
675 607 857 653 tenuitas-ipss.
868 607 942 635 dele-

145 664 216 691 &atz
236 670 390 701 quanquam
400 661 429 688 in
448 659 528 693 Lysia
537 656 600 684 sunt
621 653 693 691 saepe
703 652 797 679 lacerti
808 671 814 681 ,
839 651 905 676 licut
916 650 942 674 ὃ(

148 702 207 732 fieri
218 702 292 731 nihil
311 699 392 739 poffit
412 699 548 729 valentius
559 707 567 728 5
589 703 684 725 verum
701 691 738 720 cst
751 699 826 719 certo
843 697 943 727 genere

142 753 206 772 toto
218 742 357 781 strigosior
369 763 376 773 ,
386 741 432 769 sed
443 740 523 768 habet
532 747 625 766 tamen
633 733 694 762 suos
705 732 856 761 laudatores
868 750 876 761 ,
897 737 942 766 qui

144 784 196 813 hac
209 782 263 822 ipsa
281 785 336 818 ejus
345 781 494 810 subtilitate
516 777 664 808 admodum
682 773 817 813 gaudeant
827 790 834 797 ·
848 772 860 801 ]
886 769 942 797 U'ffl

148 825 251 854 Cicero
262 823 295 852 de
305 822 448 861 asperitate
459 843 466 854 ‚
485 824 512 850 &
522 818 692 848 scabrofitate
703 813 788 848 Lyliae
803 807 944 854 Syracusa-

149 865 180 894 ni
192 866 221 894 in
231 864 315 892 modo
324 863 436 892 dicendi
445 861 584 899 intelligit
596 880 604 891 ,
623 858 657 886 de
667 864 721 894 quo
731 853 808 891 supra
818 852 941 893 dixerat:

147 912 162 942 [
173 904 257 935 Nihil
269 915 344 933 acute
356 903 479 934 inveniri
491 902 583 939 potuit
594 900 623 927 in
633 900 688 933 ejus
698 895 778 923 caulis
789 915 796 925 ,
806 901 870 930 quas
880 890 945 918 scri-

146 946 199 985 psit
210 957 218 977 ε
229 944 311 977 nihil,
322 955 352 972 ut
362 945 398 972 ita
407 944 494 971 dicam
505 942 626 973 subdole,

147 986 190 1015 hil
200 985 337 1014 subtiliter
346 984 402 1013 dici
412 1005 419 1016 ,
434 982 507 1012 nihil
517 981 602 1020 press'e
612 1003 619 1013 ‚
630 977 703 1008 nihil

150 1025 305 1064 fieripoflet
327 1024 433 1063 aliquid
444 1023 642 1052 limatius&c.]
669 1023 743 1055 Ergo
762 1026 812 1053 pro
833 1013 963 1050 strigoso*

148 1068 252 1096 Cicero
267 1077 323 1094 non
336 1064 652 1100 intellexeratjejunium
665 1081 671 1092 ‚
684 1059 739 1087 five
749 1055 925 1084 macilentum
937 1073 946 1090 ,

149 1118 179 1136 iit
191 1107 362 1137 Audomarus
369 1106 473 1134 Talaeus
485 1127 492 1137 ‚
506 1106 585 1136 hujus
597 1103 650 1132 loci
662 1101 879 1128 commentator
890 1115 897 1126 ι
921 1098 947 1123 ὃ(

145 1149 299 1186 Calepinus
310 1155 466 1176 autumant:
480 1145 524 1173 sed
535 1142 688 1174 scabrosum
699 1159 705 1167 .
719 1138 762 1167 Sic
773 1136 929 1166 Columella
940 1156 948 1168 ,

146 1189 195 1218 lib.
207 1196 233 1218 6.
247 1199 270 1217 c.
283 1199 329 1223 47.
351 1187 384 1216 de
395 1186 518 1225 Onagris
528 1207 535 1219 ‚
556 1185 603 1223 qui
613 1184 680 1213 alter
691 1181 804 1209 alterum
824 1176 956 1206 dentibus*

151 1229 328 1258 descobinare
340 1250 347 1261 ,
358 1232 385 1256 ὅ(
397 1227 541 1266 perfricare
551 1225 642 1262 solent
653 1245 660 1256 ,
679 1221 786 1259 inquit:
810 1226 821 1254 [
833 1218 949 1258 Onager

151 1273 204 1298 δεε-
222 1268 351 1304 sylvestri
370 1278 445 1296 more
465 1266 610 1305 strigosum
629 1262 709 1304 patris
728 1261 856 1299 prxseire
876 1260 950 1288 liabi-

152 1320 210 1339 tum
223 1331 230 1342 ,
245 1312 257 1340 ]
284 1309 354 1337 idest
364 1330 371 1340 ,
384 1309 541 1336 naturaliter
552 1307 667 1344 onagri,
679 1311 778 1341 nempe
788 1325 796 1336 ‚
820 1301 886 1330 afini
897 1299 951 1335 syl-

153 1351 254 1380 vestres
266 1371 273 1382 ‚
285 1348 385 1378 habent
396 1347 519 1376 habitum
530 1369 538 1380 ‚
548 1347 593 1376 seu
604 1345 765 1374 iustinsftum
774 1365 781 1376 ‚
795 1353 824 1370 ut
835 1343 868 1371 :id
881 1342 952 1370 invi-

994 125 1062 161 gura
1072 118 1209 150 rhetorica
1218 121 1289 160 apud
1300 119 1506 156 Quintilianum
1515 143 1523 156 ,
1548 132 1608 162 quse
1619 123 1650 153 ab
1658 123 1787 155 antistro-

995 162 1049 201 phe
1060 173 1118 191 non
1127 160 1237 190 videtur
1249 162 1397 201 distingui.
1416 163 1599 192 Tertullianus
1609 174 1700 194 tamen
1709 188 1718 200 ,
1739 167 1788 195 lib.

995 203 1028 232 de
1040 203 1128 241 Spe&
1139 212 1196 241 cap.
1208 213 1254 240 29.
1264 205 1292 231 δε
1303 203 1342 231 D.
1353 203 1541 239 Hieronymus
1550 214 1645 234 contra
1655 206 1789 236 Rufinum

994 242 1132 281 stropham
1143 241 1322 288 pro'versutia
1329 241 1458 281 usurpant
1469 265 1476 272 .

404 291 622 322 suaveolentiam
632 309 640 317 .
663 285 820 318 Antiochus
833 306 841 318 ,
862 283 939 312 hom.
956 286 1121 313 Sritopniou
1135 304 1143 315 ,
1154 293 1269 320 ςροφιοι,
1281 281 1373 315 fascia,
1383 284 1523 322 cingulum
1533 295 1636 315 tortum
1649 310 1655 323 ‚
1668 296 1789 325 torques,

996 335 1010 353 a
1020 323 1095 368 difto
1106 323 1188 351 verbo
1197 320 1280 360 ςρέφω
1289 344 1297 355 ,
1310 332 1389 351 verto
1400 344 1407 356 ,
1416 332 1532 362 torqueo
1542 347 1549 354 .
1569 327 1685 355 Ponitur
1696 337 1790 356 tamen

996 374 1081 393 etiam
1099 374 1150 402 pro
1169 363 1292 402 quolibet
1302 363 1413 391 baltheo
1432 367 1459 392 ὃς
1468 364 1581 404 cingulo
1590 388 1598 400 ‚
1615 367 1663 395 etfi
1683 377 1789 396 tortum

996 405 1093 433 nonsit
1106 425 1113 431 .
1135 407 1169 432 Et
1181 403 1244 431 ideo
1261 402 1495 438 chrysostomus,
1513 416 1672 436 ornamenta
1693 407 1792 436 summi

997 445 1141 475 Poiitificis
1154 442 1266 472 Mosaici
1278 454 1447 477 enumerans,
1457 444 1494 473 ait
1505 456 1511 471 :
1522 449 1788 485 Mitra‚strophium‚

997 487 1081 522 vestis
1092 485 1216 522 alipedes
1228 485 1312 522 usque
1321 485 1445 521 demissa,
1456 489 1508 513 &e.
1520 486 1579 514 Lib.
1590 497 1617 524 3.
1627 488 1659 516 de
1668 488 1792 516 sacerdo-

996 527 1040 554 tio
1049 525 1108 564 post
1120 525 1230 553 initium
1242 545 1249 552 .
1260 524 1318 553 Ubi
1329 535 1376 563 per
1386 525 1539 564 strophium
1548 526 1684 565 intelligit
1695 530 1793 567 cingu-

998 567 1054 595 lum
1065 565 1232 594 sacerdotale
1242 585 1249 592 .
1268 566 1312 593 Ita
1323 566 1357 594 de
1368 565 1392 593 S.
1402 567 1509 603 joanne
1523 567 1642 605 Baptista
1663 569 1735 597 canit
1743 573 1794 598 Ec-

998 607 1074 635 clefia
1082 627 1092 643 ,
1115 606 1212 634 dui-uin
1224 615 1352 644 tegumen
1372 606 1504 635 camelum
1522 607 1660 645 praebuisse
1678 610 1793 639 artubus

994 649 1085 685 sacris
1099 668 1105 679 ,
1117 646 1269 683 strophium
1282 647 1406 675 bidentes
1417 667 1423 674 .
1443 648 1516 675 Nam
1525 647 1638 676 habebat
1648 650 1795 685 vestimen-

999 697 1061 716 tum
1078 688 1109 715 de
1119 687 1185 724 pilis
1196 686 1360 714 camelorum
1373 708 1380 719 ,
1401 687 1435 720 ό»
1446 698 1545 716 zonam
1560 689 1703 727 pelliceam
1722 693 1797 719 circa

1000 727 1103 770 lumbar
1114 732 1171 763 ejus
1183 748 1190 759 ,
1202 726 1301 755 Matth.
1314 737 1340 764 3.
1351 738 1378 762 4.
1391 726 1552 764 Strophium
1563 729 1644 758 etiam
1656 741 1706 768 pro
1718 741 1797 759 coro-

1000 779 1034 796 na
1045 769 1147 808 legitur
1159 778 1165 794 :
1177 767 1248 795 unde
1259 766 1443 805 stropliiolum
1452 778 1538 806 genus
1550 769 1607 797 vile
1618 781 1779 799 coronarum
1789 789 1797 798 .

1002 809 1043 836 Sic
1054 807 1251 845 intelligendus
1263 807 1446 836 Tertullianus
1459 830 1467 841 ‚
1479 808 1543 836 dum
1555 809 1594 837 ait
1606 821 1612 837 :
1625 811 1707 851 Quid
1715 819 1797 848 caput

994 848 1138 886 strophwlo
1147 868 1155 879 ,
1175 855 1227 875 aut
1238 847 1414 875 dracontario
1424 850 1542 876 damnas
1551 850 1707 879 diademati
1717 852 1796 887 desti-

1001 897 1101 917 natum
1113 894 1122 916 ἓ
1136 887 1194 916 Lib.
1205 886 1239 915 de
1250 897 1350 915 corona
1361 888 1456 916 militis
1465 909 1474 921 ,
1483 899 1541 928 cap.
1555 900 1564 917 i
1574 899 1599 925 5.

639 936 712 967 nihil
725 933 831 963 versute
841 937 894 962 &a
906 930 947 958 ni-
961 930 1093 958 Sritopiis
1105 948 1111 955 .
1124 927 1198 956 Vide
1208 933 1325 965 Smupm·
1336 947 1343 954 .

712 975 851 1004 enucleate
862 994 870 1006 ,
892 981 947 1010 quo
961 971 1058 999 Sruim
1069 991 1077 1002 ‚
1091 968 1277 1008 germanicum
1298 969 1459 998 vocabulum
1470 970 1557 999 Stuba
1568 991 1576 1003 ,
1595 975 1622 999 ὁ(
1633 971 1699 1000 Itali
1717 970 1800 1009 &tusa

1002 1011 1098 1038 dicunt
1111 1020 1116 1036 ι
1137 1008 1335 1046 hypocaustum
1345 1009 1477 1047 fignificat
1487 1030 1494 1037 .
1517 1011 1716 1045 [Prohibemus
1727 1012 1802 1040 insu-

1003 1062 1050 1090 per
1061 1072 1068 1083 ‚
1083 1060 1115 1078 ne
1127 1049 1209 1077 stubas
1219 1069 1227 1081 ,
1236 1052 1263 1077 ὃ(
1273 1048 1363 1077 balnea
1372 1071 1380 1082 ‚
1391 1049 1436 1077 seu
1447 1051 1567 1079 tabernas
1579 1050 1802 1082 Christianorum

1003 1089 1304 1161 {reelcelkt'ileisstkgztkbncil-
1318 1090 1400 1119 Vien.
1412 1089 1457 1119 sub
1466 1090 1616 1120 Clcm.1v.
1627 1103 1700 1122 :inno
1717 1100 1802 1127 1264„

1095 1145 1106 1159 ’.ι
1178 1151 1185 1158 ι

963 1175 1019 1204 Sru
1026 1183 1102 1201 1³11*AE
1113 1193 1120 1205 ,
1143 1172 1177 1200 sic
1188 1171 1392 1210 appellabantur
1414 1172 1545 1202 Monachi
1558 1173 1695 1212 cujusdam
1704 1175 1801 1203 Mona<

1004 1213 1080 1257 sterii
1090 1222 1119 1240 in
1141 1212 1218 1241 Urbe
1229 1213 1540 1253 Constantinopolitana
1550 1236 1558 1247 ,
1579 1218 1653 1252 cujus
1673 1215 1801 1244 fundator

1004 1254 1116 1294 quidam
1129 1253 1207 1281 dives
1225 1253 1338 1280 nornine
1349 1255 1454 1284 Studius
1467 1255 1573 1285 suerats
1595 1256 1660 1284 hinc
1674 1255 1798 1285 Theodo-

1005 1305 1048 1322 rus
1061 1293 1208 1322 monachus
1218 1291 1338 1327 ejusdem
1349 1295 1505 1323 momstcrii
1516 1316 1523 1327 ‚
1535 1306 1563 1323 ac
1573 1296 1618 1323 alii
1631 1296 1743 1324 Studitae
1755 1304 1799 1333 ap-

1005 1335 1099 1372 pellati
1110 1333 1173 1361 sunt
1188 1353 1194 1359 .
1218 1332 1290 1361 Vide
1299 1336 1442 1363 Acoemetae
1454 1355 1461 1362 .
1472 1339 1644 1372 Hegumenus
1656 1355 1664 1363 .

145 1402 209 1420 cem
221 1390 346 1418 dentibus
358 1388 413 1417 sese
423 1388 564 1417 scobinent
578 1409 585 1420 ,
605 1391 633 1415 δε
642 1386 690 1414 lib.
700 1395 726 1416 7·
738 1394 794 1421 cap.
807 1390 833 1412 6.
855 1383 950 1411 Idem:
966 1375 1099 1403 STUJ-TUS
1112 1393 1118 1400 ·
1143 1376 1199 1402 l³R·
1210 1373 1334 1411 qssssfflvss
1345 1373 1398 1402 hoc
1412 1375 1570 1404 vocabulum
1581 1375 1709 1404 stolidum
1719 1373 1803 1413 figni—

152 1431 289 1468 [Placide
299 1452 307 1463 ,
326 1441 354 1458 ac
364 1430 439 1457 lente
451 1430 589 1467 pabuletui·
601 1449 608 1460 ,
620 1437 649 1455 ut
661 1424 743 1463 largis
753 1424 784 1452 fit
796 1424 882 1452 uberis
895 1444 902 1455 ,
925 1426 953 1451 ὅ(

153 1483 213 1502 non
225 1469 434 1509 strigolofiffimi
446 1469 569 1507 corporis
581 1489 589 1500 ‚
603 1471 614 1500 ]
636 1467 707 1495 dixit
717 1487 725 1498 ‚
749 1464 817 1493 idest
828 1486 835 1496 ‚
847 1474 903 1491 non
914 1473 953 1491 re-

153 1521 303 1553 pugnantis
316 1533 324 1544 ‚
346 1511 390 1540 vel
410 1508 623 1538 recalcitrantis:
648 1517 703 1545 quo
722 1505 863 1544 proposito
874 1504 955 1533 etiam

151 1553 264 1582 vGellius
276 1574 283 1584 ,
303 1552 351 1580 lib.
364 1563 390 1586 4.
402 1562 425 1578 c.
439 1563 483 1579 20.
496 1550 529 1578 de
541 1559 612 1588 equo
623 1548 761 1576 indomito
773 1567 781 1579 ‚
804 1546 851 1584 qui
862 1544 952 1573 destri

155 1595 213 1633 gari
225 1592 373 1621 recalcitrat
386 1613 393 1625 ‚
416 1602 445 1619 ac
457 1592 568 1629 strigam
582 1591 662 1617 timet
672 1610 679 1621 ,
699 1587 806 1625 inquit:
828 1589 956 1623 [Equum

156 1634 240 1663 nimis
253 1632 397 1672 strigosum
409 1653 417 1664 ,
428 1635 455 1660 ὅ(
467 1632 536 1659 inale
546 1631 668 1659 habitum
680 1640 686 1660 ς
709 1628 756 1656 scd
769 1628 891 1665 equitem
902 1629 956 1662 ejus

153 1674 331 1706 uberrimum,
341 1677 368 1702 ὅ(
380 1671 574 1700 habitiffimuin
587 1670 716 1699 videi-unt
730 1693 734 1699 ‚
748 1670 760 1699 ]
772 1670 864 1705 Igitur
873 1667 957 1695 Cice-

155 1726 188 1745 ro
198 1726 245 1754 per
258 1714 451 1753 strigofimtem
463 1712 550 1747 Lyfiae
561 1711 710 1739 ruditatem
723 1708 833 1737 dicendi
853 1707 957 1746 fignifi-

156 1757 232 1785 cavit
244 1776 251 1788 ‚
262 1760 289 1784 ὃ(
303 1756 366 1783 ideo
378 1752 499 1782 limatior
511 1752 540 1780 in
549 1755 604 1789 ejus
615 1751 686 1786 stylo
694 1750 821 1779 debuerat
833 1746 882 1775 effe
897 1748 956 1779 ille,

156 1806 187 1825 ut
199 1806 302 1825 nomen
312 1795 375 1823 boni
386 1793 517 1823 Oratoris
528 1815 534 1825 ,
548 1802 577 1821 ut
588 1791 667 1830 supra
678 1792 726 1827 ait,
737 1798 884 1817 mereretur
899 1809 905 1815 .
915 1789 957 1817 Sic

157 1838 261 1875 pariter
280 1834 435 1865 Antiochus
455 1834 532 1872 supra
544 1834 572 1861 in
594 1832 722 1860 abstracto
742 1829 939 1866 Strtgofitatem
952 1851 957 1861 ,

155 1877 262 1907 scilicet
273 1898 281 1909 ‚
293 1876 494 1905 scabroiitatem
506 1874 648 1902 intellexit
658 1894 666 1905 ,
687 1882 745 1910 quae
759 1871 788 1898 in
799 1869 960 1897 revocandis

159 1919 237 1949 bonis
249 1917 383 1945 habitibus
394 1916 441 1944 diu
452 1914 584 1954 neglectis
594 1914 732 1952 reperitur
743 1932 750 1939 .

119 1960 326 1988 Sirtloroui‘us
340 1979 346 1985 .
358 1956 431 1985 Vide
443 1960 519 1984 Stria
531 1976 537 1982 .

119 2001 255 2032 Sruomn,
266 2000 363 2037 ςρῶμα
377 2018 384 2030 ‚
394 1997 508 2026 culcitra
521 2018 526 2028 ,
538 1996 594 2024 five
605 1995 716 2023 stratum
731 1991 814 2021 variis
825 1991 962 2019 coloribus

158 2049 390 2077 contextum‚quo
402 2038 534 2066 vocabulo
545 2037 678 2065 Clemens
689 2032 893 2063 Alexandrinus
905 2029 961 2059 suas

159 2080 373 2117 compositiones
384 2077 549 2109 intitulavit,
561 2077 595 2106 ob
609 2076 749 2105 varietates
761 2074 789 2101 in
800 2073 837 2101 cis
847 2081 961 2100 conten-

1008 1415 1069 1443 ficet
1082 1436 1089 1447 ,
1100 1415 1131 1442 in
1140 1424 1194 1451 quo
1206 1412 1358 1456 iigiiificatu
1369 1435 1377 1446 ,
1389 1415 1452 1443 vide
1463 1418 1636 1444 Gurdonicus
1648 1437 1654 1443 .
1666 1415 1754 1444 Divus
1765 1425 1804 1442 m-

1009 1466 1072 1483 men
1091 1457 1242 1492 Gregorius
1254 1456 1324 1491 Papa
1334 1454 1364 1482 in
1387 1455 1589 1492 significatione
1599 1455 1705 1493 superbi
1716 1455 1747 1484 ad
1758 1457 1804 1483 Pa-

1011 1495 1157 1523 triarcham
1169 1494 1518 1531 constantinopolitanum
1526 1493 1679 1533 scripserat,
1690 1495 1738 1532 qui
1749 1505 1803 1522 ma-

1008 1539 1096 1573 jorem
1107 1535 1240 1564 Pontifice
1250 1536 1377 1564 Romano
1389 1534 1416 1562 se
1427 1535 1477 1564 elle
1488 1535 1665 1573 prtcsumebat
1676 1557 1683 1568 ,
1692 1534 1733 1562 his
1745 1544 1808 1563 ver-

1011 1577 1066 1605 bis:
1088 1576 1216 1611 [Stultus
1227 1574 1301 1603 enim
1312 1574 1367 1607 est,
1389 1575 1474 1614 quise
1494 1586 1523 1604 in
1535 1587 1567 1604 eo
1586 1576 1705 1614 primum
1715 1574 1808 1602 existi-

1012 1626 1067 1661 mat
1079 1626 1126 1660 ‚ut
1139 1616 1206 1644 bona
1216 1637 1224 1650 ,
1237 1626 1297 1654 quse
1310 1616 1412 1644 viderit
1425 1638 1432 1649 ‚
1445 1615 1546 1645 discere
1556 1624 1715 1644 contemnat
1727 1637 1734 1649 ,
1747 1618 1759 1646 ]
1780 1619 1809 1643 ὃ(

1012 1658 1134 1686 inferius:
1151 1662 1162 1691 [
1175 1659 1247 1687 Nam
1259 1657 1333 1695 quod
1343 1657 1446 1685 Primus
1461 1660 1637 1692 Byzancenus
1657 1656 1719 1685 Sedi
1732 1657 1809 1692 Apo-

1012 1699 1113 1727 stolicae
1133 1697 1204 1740 dicit
1212 1696 1238 1726 se
1253 1696 1350 1733 subjici
1370 1702 1421 1727 &c.
1441 1698 1548 1726 Omnes
1567 1696 1715 1725 secundum
1726 1695 1810 1723 ratio-

1012 1749 1077 1767 nem
1087 1738 1250 1767 humilitatis
1261 1739 1375 1776 aequales
1385 1737 1473 1766 fumus
1492 1748 1551 1765 can.
1561 1738 1594 1765 de
1604 1736 1810 1765 Constantino-

1014 1780 1135 1817 polimna
1147 1800 1154 1811 ,
1175 1779 1238 1807 dist.
1253 1780 1322 1809 22.]
1345 1778 1405 1807 Ubi
1414 1779 1446 1807 de
1455 1778 1608 1806 humilitate
1620 1776 1749 1814 superbiae
1761 1785 1814 1813 opo

1013 1820 1099 1858 polita
1117 1820 1193 1857 loqui
1204 1819 1330 1848 videtur.
1351 1823 1387 1848 Et
1401 1817 1493 1847 Gloss'a
1514 1818 1614 1846 ibidem
1631 1817 1664 1845 sic
1676 1816 1808 1844 declarat:

1017 1867 1029 1896 [
1042 1861 1143 1889 Stultus
1164 1869 1219 1888 tam
1239 1860 1339 1888 dicitur
1348 1881 1357 1893 ‚
1377 1859 1449 1899 quali
1468 1859 1599 1887 exaltatus
1612 1879 1620 1891 ‚
1638 1856 1701 1899 quia
1719 1855 1745 1884 se
1764 1866 1810 1884 ex-

1015 1901 1095 1929 tollat
1106 1921 1113 1928 .

976 1943 1184 1971 §tumaci-us
1196 1964 1203 1970 .
1216 1942 1289 1972 Vide
1299 1948 1389 1971 Eneus
1402 1963 1408 1970 .

977 1984 1109 2012 STURGIO
1121 2004 1129 2015 ,
1152 1983 1245 2012 silui-us
1256 2005 1263 2015 ,
1275 1984 1330 2011 sive
1341 1983 1426 2013 sturio
1436 2003 1443 2015 ,
1454 1980 1534 2019 piscis
1548 1980 1676 2009 delicatus
1687 1998 1694 2006 .
1714 1978 1814 2013 [Cum

1017 2035 1030 2051 a
1042 2023 1159 2062 quodam
1171 2024 1334 2058 Presbytero
1346 2023 1524 2062 praesentatus
1534 2021 1577 2050 illi
1591 2021 1628 2049 est
1641 2018 1816 2058 piscis‚qtiein

1019 2065 1103 2102 vulgo
1114 2074 1213 2093 vocant
1224 2064 1394 2102 sturgionem
1404 2084 1411 2090 .
1431 2063 1455 2091 S.
1469 2064 1549 2091 Bern.
1561 2060 1607 2091 lib.
1619 2072 1645 2095 4.
1667 2059 1699 2087 de
1711 2056 1813 2086 consid„

161 2130 200 2148 tas
212 2141 219 2152 ‚
230 2124 256 2148 ὃ(
269 2131 281 2147 a
292 2120 452 2147 stromatum
466 2118 538 2147 imus
549 2113 733 2154 ςρᾝμαῒίεςα
744 2113 962 2151 Grgcfiscogno-
978 2106 1147 2134 STURNINUS
1161 2126 1168 2136 ,
1188 2106 1271 2134 sturni
1284 2104 1507 2142 patronymicum
1520 2124 1527 2135 ,
1549 2106 1575 2131 ὃ(
1588 2111 1637 2140 pro
1648 2100 1731 2129 sturni
1741 2096 1813 2124 colo-

161 2160 280 2188 minatus
291 2159 407 2198 ipsemet
421 2159 527 2188 Auftor
539 2157 590 2185 suit
601 2178 607 2184 .

121 2200 259 2230 Siizopm
273 2221 280 2233 ,
300 2198 394 2238 ςροφιὲ,
409 2198 528 2227 versutia
542 2219 550 2231 ,
573 2196 714 2226 revolutio
724 2217 731 2228 ,
752 2194 838 2223 versio
849 2204 861 2221 a
881 2193 962 2222 verbo

163 2240 249 2280 ςρ»“φω
261 2262 268 2272 ‚
287 2249 384 2272 verto,
406 2249 538 2277 torqueo.
559 2239 601 2266 Ita
613 2247 724 2268 vocatur
745 2234 864 2264 versutia
876 2256 882 2265 ‚
903 2244 963 2271 quia

164 2280 286 2310 versutus
301 2279 376 2308 facile
389 2279 418 2306 in
429 2290 523 2307 omnes
534 2289 622 2317 partes
633 2277 660 2306 se
672 2276 754 2306 vertit
764 2296 771 2303 .
794 2275 905 2304 Dicitur
924 2284 962 2302 et-

164 2323 219 2349 iam
231 2320 342 2359 strophe
354 2341 361 2352 ,
385 2330 442 2347 noii
463 2320 575 2358 proprie
596 2317 720 2347 versuum
729 2314 874 2354 rimpsodia
886 2335 894 2347 ,
918 2312 963 2342 sed

164 2363 269 2399 aliquot
292 2360 416 2389 versuum
426 2359 598 2389 diversorum
615 2357 776 2397 complexio
790 2379 797 2389 ‚
817 2365 867 2394 qua
887 2354 965 2383 finita.

167 2402 201 2430 ad.
212 2402 289 2431 aliam
300 2401 416 2432 fimilcm
428 2400 458 2432 fit
471 2400 558 2430 versio
568 2421 576 2434 ,
588 2403 613 2430 ὅ(
626 2397 744 2429 recursus
756 2417 763 2426 .
786 2395 830 2427 Est
842 2395 923 2426 etiam
933 2395 964 2424 fi-

1021 2156 1049 2174 te
1059 2166 1066 2178 ι
1080 2145 1175 2183 incap·
1188 2152 1235 2174 66.
1250 2144 1327 2174 Isaiae
1341 2168 1348 2177 ,
1359 2149 1385 2173 ὃ(
1396 2146 1432 2173 D.
1447 2143 1564 2172 Hieron.
1575 2140 1731 2180 usurpavit:
1755 2138 1815 2172 [111
1835 2164 1838 2167 .

1019 2185 1156 2220 martyrio
1167 2186 1237 2215 rubri
1251 2208 1258 2218 ,
1280 2186 1324 2213 vel
1336 2184 1455 2214 sturnini
1473 2184 1503 2211 in
1515 2182 1608 2211 volatu
1619 2203 1627 2214 ,
1649 2179 1693 2207 vel
1705 2177 1772 2205 varii
1787 2176 1814 2202 iii

1022 2226 1168 2256 vii-tutibus
1179 2248 1186 2259 ‚
1206 2229 1252 2256 rel
1263 2226 1370 2257 candidi
1382 2225 1412 2252 in
1423 2224 1585 2262 virginitate
1599 2223 1628 2251 .]
1652 2222 1712 2256 Ego
1724 2226 1814 2259 tam-cri

1023 2277 1088 2306 puto
1108 2267 1231 2295 sanetum
1252 2267 1405 2297 Doftorem
1425 2266 1515 2303 potius
1526 2263 1558 2291 :id
1576 2262 1725 2290 sturnorum
1736 2266 1813 2300 unio-

1023 2307 1127 2337 nemin
1139 2309 1229 2336 volatu
1242 2330 1249 2340 ,
1260 2318 1339 2347 quam
1350 2306 1383 2335 ad
1393 2307 1514 2337 colorem
1524 2301 1643 2331 alludere
1655 2298 1768 2340 voluisle
1780 2318 1786 2323 .

982 2350 1112 2380 ΞἹἬΗΤΑ
1125 2370 1132 2381 ,
1145 2346 1278 2384 consum,
1292 2348 1359 2376 idest
1371 2368 1378 2379 ,
1390 2343 1589 2374 coltimnziri1133
1612 2340 1675 2368 ideo
1686 2340 1710 2367 S.
1722 2339 1815 2366 Simon

1023 2390 1125 2425 Stylita
1137 2390 1222 2419 dietus
1233 2390 1290 2425 est,
1314 2399 1342 2416 ac
1354 2387 1399 2416 alii
1410 2386 1466 2415 Dei
1480 2382 1571 2413 famuli
1583 2404 1590 2415 ,
1602 2381 1647 2420 qui
1658 2374 1816 2410 miraculose

1715 2427 1775 2456 ullu*

1513 2476 1518 2487 t
