1866 2526
482 30 606 73 ΜΟ
1255 18 1378 62 ΜΟ
1632 27 1713 71 445

131 106 192 138 quae
201 104 275 126 trans
281 89 432 124 Caucasum
441 92 607 125 montem&
618 84 780 116 Mseotidem
790 82 927 122 paludem,
981 90 1054 110 tatur
1063 78 1093 108 in
1102 89 1161 108 can.
1175 78 1279 116 placuit
1286 75 1412 106 omnibus
1422 94 1429 101 .
1446 73 1489 103 ιε’.
1502 73 1578 113 φιῖ.
1587 71 1756 110 [Monachus
1765 78 1777 104 ,·

130 143 160 169 ὃ(
171 145 256 177 prope
266 132 396 172 Caspium
406 141 480 160 mare
488 131 522 159 ad
534 129 642 159 Indiam
651 127 686 155 us
682 136 735 165 que
746 124 904 153 tendantur.
915 124 928 154 ]
984 121 1053 151 idest
1062 141 1071 153 ‚
1092 119 1163 148 solus
1174 141 1182 152 ‚
1194 119 1262 157 quid
1274 116 1337 146 sacis
1346 118 1376 145 in
1386 115 1508 144 Urbibus
1517 136 1525 147 ,
1544 124 1604 152 quae
1613 116 1709 153 utique
1721 121 1780 141 non

132 183 168 209 Et
185 174 352 207 Chronicon
372 173 456 202 Alex.
478 172 571 206 [Sunt
591 170 638 208 qui
652 168 746 196 dicant
763 175 797 193 ex
821 166 929 203 Mogog
983 161 1047 191 sunt
1057 159 1178 189 solorum
1187 157 1337 187 habitacula
1349 178 1355 189 ,
1369 154 1416 184 sed
1427 156 1590 183 multorum?
1599 165 1657 182 can.
1667 155 1685 182 ίῐ
1694 152 1780 191 cupis,

131 217 242 249 Gothos
254 238 261 249 ,
280 217 411 245 Sarmatas
423 234 430 246 ‚
448 216 476 242 ὅ(
487 210 600 247 Scythas
617 207 668 237 css'e
688 205 844 236 oriundos]
870 208 931 243 Ego
982 203 1042 232 ead.
1059 209 1101 230 16.
1113 211 1158 239 qu.
1174 211 1197 229 i.
1209 199 1280 235 Quia
1291 198 1357 227 sicut
1368 195 1449 234 piscis
1467 195 1523 224 line
1534 204 1600 233 :iqua
1620 203 1693 222 cai-et
1703 192 1761 221 vita
1771 212 1782 225 ,

130 268 221 289 tamen
238 265 359 296 putarem
380 255 487 292 Mogog
507 251 557 280 cfl'e
577 248 704 279 Moschos
716 247 786 276 Afiae
796 245 928 284 populos:
984 243 1020 272 ita
1035 241 1091 271 fine
1101 240 1268 270 monasterio
1280 235 1430 267 Monachus
1442 256 1450 270 ,
1468 247 1527 265 crin.
1545 235 1648 263 Placuit
1659 242 1783 261 commu-

132 298 234 329 namin
258 294 396 326 Ezechiel.
416 305 438 322 c.
452 304 499 331 39.
517 303 539 320 ι.
561 291 688 319 liabetur:
714 293 726 323 [
737 291 804 316 Ecce
825 295 880 324 ego
888 284 928 312 su-
985 283 1033 316 ni,
1055 282 1157 310 ibidem
1167 301 1175 308 .
1198 278 1338 320 Agnoscat
1357 287 1460 306 nomen
1478 275 1575 306 suum÷
1600 284 1696 303 monos
1705 272 1782 301 enim

133 349 182 378 per
209 347 236 366 te
253 339 322 375 Gog
348 335 482 373 principis
503 332 601 370 capitis
633 327 748 358 Mosoch
761 329 773 358 ]
808 329 847 355 At
869 334 931 353 cum
983 332 1073 362 graece
1083 344 1092 356 ‚
1104 322 1188 352 latine
1199 322 1237 349 est
1247 329 1316 348 unus
1329 329 1338 350 5
1364 317 1455 347 Athos
1465 327 1553 356 graece
1565 338 1572 348 ,
1595 316 1679 344 latine
1697 312 1783 342 tristis

130 377 270 417 Propheta
290 376 335 404 hic
359 377 486 413 loquatur
507 374 585 400 unite
605 373 672 409 Gog
702 377 765 397 cum
787 364 901 394 mosoch
923 386 931 398 ,
983 363 1064 392 sonat
1075 385 1082 391 .
1104 363 1212 392 Ibidem
1224 382 1231 389 .
1254 363 1266 392 ]
1291 362 1336 389 An
1356 357 1505 386 Monachus
1526 355 1606 395 possit
1615 355 1666 384 ess‘e
1675 354 1764 393 Judex
1775 375 1784 386 ,

133 419 240 458 lignum
262 417 300 446 cst
322 426 390 455 ergo
400 437 407 447 ,
430 413 506 454 quod
529 423 601 441 intei-
624 410 755 439 Hebraeos
777 407 851 435 idem
873 414 929 433 emt
985 405 1031 432 vel
1042 405 1212 435 Advocatum,
1222 401 1296 430 Vide
1305 397 1427 428 Glofl'am
1439 400 1468 426 in
1477 409 1536 426 can.
1547 399 1582 426 de
1593 395 1784 436 praesentium,

133 460 226 489 dicere
237 461 361 497 Mogog‚
380 466 410 484 :ic
420 452 535 483 Mosoch
547 473 554 480 .
576 454 726 482 Montanus
749 448 831 476 etiam
842 446 880 474 :iit
903 446 932 473 in
990 451 1090 482 16.qu.
1107 455 1129 472 ι.
1144 447 1187 472 An
1199 441 1281 481 pollit
1292 439 1343 469 efle
1353 449 1429 468 tutor
1439 461 1447 471 ‚
1472 440 1517 467 vel
1535 447 1644 466 cui-ator
1654 459 1660 465 .
1684 435 1787 464 Eadem

135 503 239 539 Appar.
250 499 358 528 Biblico
367 518 375 529 ,
396 495 471 534 quod
489 492 613 522 Mosothi
635 492 664 519 in
673 488 739 518 sacr·
749 487 837 516 literis
845 485 911 514 sunt
921 507 928 518 ‚
983 484 1075 513 Gloflji
1089 486 1119 513 in
1127 494 1187 512 can.
1210 481 1385 511 Generaliter
1406 480 1508 508 ibidem
1517 500 1524 507 .
1548 480 1635 515 Quam
1655 477 1785 505 indecens

134 550 182 579 qui
193 540 279 569 hodie
291 537 452 567 Moscovitz:
464 534 656 573 appellantur.
985 526 1016 554 sit
1027 524 1168 555 Monacho
1180 522 1326 551 ferentibus
1347 520 1467 559 negotiis
1485 518 1512 548 sc
1532 520 1689 558 implicare.
1713 515 1788 544 Vide

986 567 1092 595 Feralis
1103 586 1110 593 .
1133 566 1169 593 In
1178 574 1233 602 quo
1244 573 1300 592 non
1307 562 1403 590 deberit
1416 560 1566 589 Moriar-hus
1577 559 1604 588 se
1615 557 1768 588 immiscere
1778 575 1788 583 .

988 607 1061 635 Vide
1072 606 1278 643 Discipltnatus
1290 624 1297 631 .
1317 601 1482 640 Antiquitm
1494 601 1605 630 titulum
1615 601 1727 629 Fratris
1739 596 1788 624 ha-

986 647 1064 675 bebat«
1073 667 1080 674 .
1106 646 1179 675 Vide
1190 651 1287 673 Frater
1300 665 1307 672 .
1331 641 1484 671 Monachus
1501 651 1612 671 tenetur
1621 649 1713 679 potius
1721 638 1787 666 obe-

987 687 1047 716 dire
1059 685 1195 725 Episcopo
1207 707 1214 718 ‚
1233 694 1313 722 quam
1325 683 1423 711 Abbati
1437 703 1444 709 .
1465 693 1523 711 can.
1535 683 1590 719 Qui
1600 680 1699 710 relistit
1708 700 1715 707 .
1742 689 1751 706 i
1763 688 1787 705 i.

988 738 1033 766 qu.
1047 738 1073 765 3.
1085 731 1113 756 δε
1125 727 1160 754 ibi
1171 725 1264 754 Gloss'a
1273 745 1281 752 .
1294 722 1435 752 Monachis
1447 734 1529 761 quare
1540 733 1591 761 pax
1601 724 1631 750 in
1643 720 1718 750 Missa
1731 728 1790 747 non

990 769 1102 797 dal-ntur
1113 788 1120 794 .
1131 766 1204 795 Vide
1215 771 1277 794 Pax
1288 785 1296 790 -
1307 763 1437 792 Monachi
1447 765 1538 802 Longi
1550 786 1557 795 ,
1567 763 1615 802 qui
1629 762 1697 791 dxffi
1707 760 1769 788 sunt
1780 778 1789 785 .

989 809 1063 838 Vide
1072 811 1152 845 Longi
1162 807 1293 835 Monachi
1304 825 1311 832 .
1335 806 1435 842 Inepta
1443 805 1555 843 quidem
1564 804 1602 832 est
1619 799 1792 838 etymologia

989 850 1021 878 in
1039 848 1132 879 Gloria
1149 847 1183 875 ad
1205 848 1223 876 l.
1243 859 1271 882 4.
1290 846 1364 875 Cod.
1382 846 1416 873 de
1438 846 1547 874 Summa
1563 844 1665 873 Trinit.
1683 843 1727 871 ubi
1747 842 1791 868 in-

991 891 1051 929 quit
1064 896 1076 925 [
1088 887 1239 918 Monachus
1250 897 1338 926 gre-:ce
1351 908 1357 918 ,
1371 885 1455 914 latine
1464 886 1567 914 dicitur
1580 885 1694 923 Auriga.
1706 884 1717 913 ]
1731 883 1793 909 Mo-

993 931 1072 959 mchi
1083 930 1234 965 Synonimri
1245 933 1272 956 ἃ
1293 925 1393 965 species
1402 946 1409 953 .
1433 927 1507 954 Vide
1518 927 1623 963 Astera
1633 945 1640 952 .
1663 922 1794 953 Cuculla-

994 981 1035 1000 tus
1056 971 1085 999 in
1109 971 1174 998 dift.
1185 969 1306 997 Cuculla
1315 987 1322 994 .
1343 967 1463 996 Celliotz
1472 987 1479 994 .
1499 967 1659 1003 claustrum
1671 984 1678 992 .
1688 967 1794 992 Conra-

993 1013 1072 1040 deum
1085 1032 1091 1038 .
1105 1010 1196 1048 Dupla
1208 1030 1214 1036 .
1228 1015 1309 1037 ficere
1319 1028 1326 1036 .
1338 1007 1479 1047 Enclystus
1491 1028 1498 1035 .
1521 1008 1633 1043 Griseus
1644 1027 1652 1039 ‚
1671 1009 1795 1045 Cyro-ua-

989 1064 1041 1091 gus
1053 1073 1060 1079 .
1071 1051 1215 1091 quymsta
1225 1070 1231 1076 .
1245 1047 1476 1077 meromonacbus
1487 1068 1494 1075 .
1514 1047 1639 1083 Inclusus
1649 1068 1655 1074 .
1678 1043 1795 1081 [λιι-ιβι-

993 1105 1027 1131 ga
1042 1113 1050 1120 .
1079 1092 1246 1121 Mandrita.
1263 1094 1455 1118 Monazonta.
1474 1093 1639 1118 szareus.
1661 1092 1774 1114 Nannus
1785 1104 1794 1111 .

996 1137 1119 1162 invitor
1130 1153 1137 1159 .
1161 1129 1361 1159 Monachorum
1379 1129 1471 1156 officia
1482 1150 1489 1157 .
1515 1129 1587 1157 Vide
1606 1128 1699 1155 Abbas
1709 1145 1716 1152 ·
1738 1129 1796 1154 Ar-

997 1174 1190 1203 clumandrira
1199 1192 1206 1198 .
1218 1169 1402 1200 Canonarcha
1411 1189 1418 1195 .
1443 1173 1614 1198 Carcumitor
1626 1188 1632 1194 .
1645 1169 1795 1196 Deuteri'a-

996 1226 1055 1243 mm
1066 1234 1072 1240 .
1082 1216 1253 1250 Gangzxrius
1266 1232 1273 1238 .
1286 1216 1536 1239 Pantocratorenus
1546 1230 1552 1236 .
1565 1215 1798 1240 Paramonartus.

997 1256 1146 1292 sympac'z‘es
1157 1273 1163 1279 .
1173 1252 1307 1290 synodica
1319 1272 1325 1279 .
1338 1253 1410 1279 Itcin
1423 1251 1573 1279 Monachus
1586 1251 1613 1278 in
1626 1251 1652 1278 S.
1663 1246 1799 1286 Gregorii

997 1292 1127 1333 Reguli-0
1147 1294 1192 1321 lib.
1209 1304 1230 1321 ι.
1249 1292 1326 1330 epist.
1340 1303 1386 1327 42.
1398 1289 1435 1318 est
1457 1301 1615 1330 cognomen
1627 1290 1699 1318 illius
1712 1290 1801 1326 Joan-

1001 1337 1041 1364 nis
1052 1334 1184 1363 saecularis
1195 1355 1202 1366 ‚
1226 1343 1324 1371 nempe
1337 1354 1344 1365 ,
1363 1333 1397 1361 de
1420 1342 1476 1371 quo
1485 1332 1522 1360 ibi
1540 1332 1642 1360 dicitur
1654 1329 1800 1358 testamen-

1001 1387 1058 1405 tum
1069 1373 1220 1404 condidisse
1230 1396 1237 1407 ,
1248 1384 1281 1402 ex
1292 1384 1325 1402 eo
1334 1375 1396 1412 quia
1406 1397 1412 1407 ,
1432 1383 1462 1401 ut
1472 1374 1542 1401 bene
1553 1371 1675 1401 advertit
1685 1369 1800 1399 Latinus

1001 1417 1124 1446 Latinius
1136 1417 1164 1444 in
1186 1425 1219 1443 eo
1239 1416 1302 1443 loco
1312 1436 1320 1447 ‚
1341 1414 1472 1443 Monachi
1501 1414 1661 1441 testamenta
1677 1410 1801 1439 condere

1002 1469 1059 1487 non
1069 1456 1176 1496 poliunt
1188 1477 1194 1483 .
1207 1455 1336 1484 Monachi
1349 1455 1496 1483 orientales
1508 1456 1533 1483 S.
1543 1454 1619 1482 Pauli
1629 1473 1636 1480 .
1647 1451 1720 1480 Vide
1730 1456 1802 1479 Ton-

998 1501 1069 1537 sura
1079 1518 1086 1525 .
1099 1497 1301 1526 Monachorum
1312 1496 1396 1524 velles
1407 1517 1414 1523 .
1426 1495 1500 1523 Vide
1514 1494 1662 1532 Reltgiofus
1671 1512 1679 1520 .

963 1542 1154 1569 Momm-mci
1168 1560 1174 1571 ,
1198 1539 1401 1566 Hier-eticorum
1412 1535 1482 1564 festa
1494 1557 1500 1567 ‚
1511 1536 1575 1573 quia
1585 1543 1670 1563 unum
1680 1540 1762 1570 caput
1772 1531 1804 1559 in

1003 1580 1111 1609 divinis
1121 1578 1242 1618 personis
1254 1576 1399 1605 afferebant
1410 1599 1417 1609 ‚
1437 1586 1504 1615 quos
1523 1576 1631 1604 Sanflus
1642 1575 1805 1611 Cyprianus

1002 1622 1214 1651 Monarchmnos
1225 1628 1304 1646 vocat
1315 1638 1322 1645 .

965 1666 1069 1692 Mosas
1085 1683 1092 1694 ,
1104 1660 1187 1697 μοιοὶς
1197 1682 1203 1692 ,
1224 1659 1310 1686 unitis
1323 1680 1330 1686 .
1353 1658 1447 1693 [Quia
1459 1668 1553 1686 monas
1563 1657 1653 1686 decies
1665 1653 1804 1692 multipli-

1003 1713 1060 1731 cata
1069 1712 1097 1729 in
1106 1702 1251 1729 denarium
1261 1700 1371 1728 ducitur
1381 1720 1387 1726 .
1401 1701 1426 1728 S.
1439 1700 1525 1737 Greg.
1537 1699 1580 1726 lib.
1591 1709 1619 1734 9.
1631 1696 1727 1724 moral.
1736 1705 1760 1722 c-
1773 1706 1802 1723 ι.

963 1747 1188 1773 Mosam-tumn
1204 1763 1210 1773 ,
1231 1739 1403 1776 μοκιςῖνεεον.
1423 1740 1495 1768 Vide
1505 1740 1698 1776 Asceterium.
1718 1736 1804 1763 elau-

148 1790 296 1818 Sambana
311 1810 318 1821 ,
328 1789 486 1817 silentiam
496 1810 506 1822 ,
516 1788 618 1827 stylita
629 1808 636 1819 ‚
647 1787 818 1822 Therapeum
830 1806 837 1812 .
998 1787 1089 1822 stram
1102 1803 1108 1810 .
1122 1783 1263 1818 Clausum
1272 1801 1278 1807 .
1291 1781 1450 1808 Canubium
1464 1801 1470 1807 .
1481 1780 1576 1817 D:cpla
1588 1800 1594 1806 .
1610 1778 1804 1815 Ergasterium.

111 1830 306 1871 Mox-ionicis
320 1851 327 1861 ‚
340 1827 508 1856 monachalis
521 1850 528 1860 ,
543 1827 616 1865 quod
626 1827 659 1855 ad
670 1824 821 1854 Monachos
831 1824 929 1863 speeht
939 1844 946 1851 .
1009 1823 1278 1862 Hegumernachmm
1288 1841 1295 1848 .
1321 1826 1435 1849 Jrenaeus
1447 1840 1453 1847 .
1474 1825 1567 1848 Laura
1578 1841 1585 1847 .
1602 1819 1777 1848 Locutorium
1795 1835 1806 1844 0

155 1875 167 1904 [
180 1867 389 1907 Religioliffimi
399 1871 484 1897 Patris
496 1867 680 1897 Hildebrandi
689 1866 878 1895 cluniacensis
889 1867 950 1893 Μο-
1002 1865 1127 1894 Mandra
1136 1883 1143 1890 .
1153 1868 1305 1891 Metanoea.
1317 1865 1478 1890 Panetaria.
1491 1859 1690 1895 Paraclttense.
1702 1857 1805 1885 Phron-

151 1910 261 1952 misterii
274 1909 377 1937 Prioris
388 1909 553 1938 monachilis
563 1907 743 1936 distriftioni's
754 1907 846 1934 nobile
855 1915 949 1934 mona·
1003 1907 1139 1941 asterium
1152 1923 1158 1930 .
1172 1902 1353 1940 Refi’tfforium
1365 1921 1372 1928 .
1382 1901 1489 1929 Sacelia
1499 1921 1505 1928 .
1517 1906 1660 1928 Semnum
1671 1919 1678 1926 .
1688 1901 1806 1935 Scripto-

152 1950 264 1979 sterium
275 1950 414 1987 expetivit
425 1970 433 1976 .
445 1952 479 1978 In
494 1951 557 1978 Vita
569 1949 659 1978 SanCti
669 1947 765 1982 Majoli
778 1948 790 1978 1
802 1946 949 1975 Monacha-
1003 1956 1078 1974 rium
1090 1965 1097 1971 .
1109 1943 1310 1972 Xenodochium
1321 1962 1328 1969 .

154 1990 288 2036 les-vestes
297 2009 304 2016 .
319 1990 391 2018 Vide
401 1991 550 2028 Religiosus
561 2009 568 2017 .
965 1990 1150 2016 MoNASTICA
1161 2005 1169 2016 ‚
1180 1981 1311 2018 μοικςικῗ·
1322 2004 1329 2014 ,
1342 1981 1471 2010 monialis
1480 2004 1487 2015 ,
1500 1981 1644 2017 [Ancillis
1655 1979 1729 2012 Dei,
1741 1988 1808 2017 quas

113 2031 308 2065 Memmium
319 2051 327 2062 ,
336 2032 477 2068 μαναχέἱον
487 2051 494 2058 .
506 2028 684 2059 monachatus
694 2050 702 2061 ‚
712 2027 838 2056 monachi
852 2027 930 2055 status
943 2046 949 2053 .
1008 2037 1057 2055 vos
1074 2034 1161 2064 graeca
1179 2023 1273 2061 lingua
1292 2024 1453 2052 monasticas
1464 2023 1559 2051 dicitis
1569 2042 1577 2049 .
1596 2023 1752 2059 S.Gregor.
1775 2019 1806 2047 in

157 2071 304 2107 [Eccleliae
315 2071 361 2114 xsel
371 2072 506 2106 martyrio
517 2092 524 2103 ,
545 2071 590 2099 vel
599 2070 686 2098 Clcro
697 2091 705 2102 ‚
728 2068 772 2096 vel
781 2066 932 2096 Monachio
942 2088 949 2099 ,
1005 2066 1112 2104 Regist.
1124 2066 1141 2093 l.
1153 2070 1179 2092 6.
1193 2073 1216 2091 c.
1234 2074 1240 2090 i
1251 2068 1295 2096 87.
1307 2065 1319 2094 ]
1333 2064 1406 2092 Vide
1418 2068 1537 2092 Monaca
1546 2083 1553 2090 .
1563 2062 1715 2091 Monialis.

155 2112 201 2140 vel
221 2111 396 2149 pauperibus,
416 2111 436 2139 l.
446 2112 576 2140 Generzli
587 2110 660 2139 Cod.
669 2110 703 2138 de
723 2106 885 2137 sacrosan&
899 2111 950 2136 Ec-
966 2110 1171 2137 Momzosns
1183 2102 1366 2141 ,μοναζᾰντεςῃ
1377 2102 1648 2133 Monachisolittirii.
1664 2099 1808 2132 Cassianus

154 2150 214 2180 cles
230 2154 242 2183 ]
256 2152 326 2180 Vide
336 2152 526 2188 Singularitas
538 2172 545 2179 .
1004 2148 1098 2176 collat.
1116 2150 1158 2173 18.
1177 2153 1266 2182 cap-5·
1288 2145 1323 2172 In
1338 2144 1471 2183 aliquibus
1487 2143 1625 2172 codicibus
1644 2149 1808 2172 Monzontes

115 2195 268 2222 Musaei-io
280 2213 288 2225 ‚
310 2203 340 2220 as
351 2213 358 2219 .
382 2192 550 2221 Monachum
572 2191 643 2220 facio
654 2210 661 2218 .
1008 2184 1246 2224 mendoselegitur
1258 2204 1264 2211 .

117 2235 288 2277 hlosncnus
298 2254 308 2266 ,
329 2241 416 2271 graeca
426 2243 481 2261 vox
492 2230 621 2270 Μωαχδς
630 2252 638 2264 ,
649 2229 717 2260 idest
729 2251 736 2263 ,
747 2228 951 2262 solitariusseu,
968 2231 1097 2258 ΜοΝειΑ
1108 2247 1116 2259 ,
1126 2224 1284 2254 admonitio
1295 2246 1303 2258 ‚
1316 2226 1454 2255 monitum
1463 2245 1470 2254 .
1490 2231 1503 2261 [
1515 2225 1544 2254 Si
1559 2234 1642 2254 manu
1652 2225 1712 2263 quis
1721 2230 1810 2251 tenta·

158 2284 187 2302 ut
197 2275 256 2303 aliis
269 2273 357 2311 placet
369 2295 377 2306 ‚
387 2284 401 2301 :i
410 2283 500 2312 graeca
509 2273 632 2301 dictione
640 2269 719 2308 μόνος
728 2294 735 2304 ,
757 2271 826 2299 idest
837 2291 845 2303 ‚
864 2269 936 2298 solus
946 2291 953 2302 ‚
1011 2269 1083 2297 verit
1095 2275 1243 2305 provocare
1253 2286 1262 2298 ‚
1273 2267 1373 2304 praesto
1382 2267 1421 2295 est
1429 2265 1580 2295 Dominica
1591 2266 1701 2294 monela
1711 2275 1717 2292 τ
1738 2264 1810 2291 Ver-

156 2319 186 2344 &
198 2314 267 2358 ixqg
279 2334 288 2347 ‚
310 2314 421 2342 moestus
432 2335 442 2347 ,
467 2315 500 2343 ad
520 2312 707 2342 denotandum
723 2311 814 2340 saeculi
831 2309 956 2339 secessum
1010 2308 1116 2338 bei-anti
1127 2317 1173 2343 te,
1184 2306 1275 2344 inquit
1287 2328 1295 2340 ,
1315 2307 1346 2335 in
1359 2307 1455 2336 faciem
1466 2328 1475 2339 ,
1493 2306 1575 2335 etiam
1586 2307 1698 2335 alteram
1709 2310 1812 2343 genam

159 2353 296 2395 Religiosi
313 2354 456 2394 proprium
468 2375 475 2384 .
496 2356 554 2385 FR-
565 2353 708 2393 singularis
728 2353 813 2381 etiam
822 2351 957 2391 iuterpre-
1011 2351 1126 2379 obverte
1137 2367 1144 2375 .
1167 2347 1286 2377 Tertull.
1303 2348 1337 2377 de
1357 2349 1446 2379 Pallio
1461 2357 1520 2386 cap.
1543 2352 1567 2376 8.
1578 2348 1593 2378 3
1615 2348 1672 2376 PR.
1690 2343 1815 2374 Monella

1701 2394 1779 2413 men-

96 582 183 610 ΜοιΑ
196 601 203 608 .
227 581 301 609 Vide
324 584 374 607 Vox
397 577 466 606 mola
478 595 485 602 .

94 623 261 652 Mocixum.
286 621 342 648 PR.
361 615 554 646 molendinum
572 613 591 642 l.
603 612 622 641 fi
641 611 703 650 quis
722 608 878 640 molinum,
896 605 930 634 de

137 662 257 693 damno,
280 663 308 688 ὃ(
326 659 444 692 injuria.

100 702 220 730 Μοιιιο
233 721 240 728 .
262 702 318 729 FR.
328 700 422 727 relaxo
433 717 440 724 .
453 702 465 731 [
477 694 637 724 Mollientes
651 692 771 731 rigorem
782 710 788 717 .
803 698 827 725 ς.
839 689 932 718 decre-

138 742 185 769 tal.
197 743 242 770 tit.
253 751 300 779 34.
309 749 367 777 cip.
382 749 426 766 io.

97 782 264 810 Moimus
275 801 282 808 .
303 781 358 808 PR.
379 777 486 806 deliciae
501 798 508 809 ,
531 773 702 811 [Mollitiis,
720 776 749 800 &
765 770 932 799 saecularibus

137 822 213 849 rebus
223 819 342 857 obligari
353 830 410 847 non
421 819 520 846 debent
532 837 538 843 .
550 818 562 847 ]
583 816 627 843 De
637 813 756 843 Clericis
768 813 890 850 loquitur
899 820 931 837 ex

137 861 280 899 Cypriani
289 869 368 888 textu
379 870 439 887 cari.
451 859 520 887 Moli
535 857 581 884 tiis
593 877 600 888 ‚
616 866 664 883 21.
675 863 719 893 qu.
731 864 758 891 3.
771 853 830 882 Ubi
842 849 934 880 Gloss‘a

138 902 285 937 [Molitiis
298 923 305 935 ‚
316 900 385 928 idest
397 921 404 932 ‚
415 900 536 929 delitiis]
550 896 669 925 declarat
680 906 688 926 5
699 893 746 922 scd
757 902 848 921 textus
859 901 922 919 men

135 941 201 970 dose
213 964 221 975 ‚
239 946 268 971 δε
284 940 377 971 Οἱοίίὶ
398 938 553 968 inconsulte
575 936 675 964 habent
689 945 695 962 :
717 944 780 962 nam
791 944 819 961 in
831 940 936 960 canone

135 981 264 1020 sequenti
277 993 309 1010 ex
321 982 419 1010 eodem
431 979 578 1017 Cypriane
589 976 704 1005 habetur
716 975 847 1010 Molestu's
859 993 866 1005 ,
879 982 935 1000 non

137 1025 260 1053 Malittis
270 1042 277 1049 .
289 1028 301 1057 [
313 1023 373 1050 Nec
383 1020 515 1049 molestiis
526 1041 533 1051 ,
553 1022 579 1046 ὃ(
590 1016 758 1045 saeciilaribus
770 1014 890 1052 negotiis
901 1012 938 1040 al-

140 1063 265 1103 ligentur
274 1083 282 1089 .
300 1073 360 1090 can.
372 1063 398 1090 Ii
410 1061 457 1100 qui
470 1082 477 1093 ‚
499 1060 620 1088 ibidem]
644 1058 717 1085 Item
725 1065 758 1084 ex
770 1055 868 1082 eodem
879 1054 939 1087 cy-

141 1105 239 1144 priano
251 1103 356 1131 clarius:
368 1103 436 1138 [Ne
445 1100 504 1140 quis
515 1098 681 1129 Sacerdotes,
692 1100 718 1125 ὃ(
731 1095 872 1124 ministros
883 1093 937 1123 Dei

141 1144 234 1174 Altari
245 1147 300 1178 ejus
311 1165 318 1176 ,
331 1146 359 1171 ὅ(
373 1142 497 1171 Eccleliae
510 1148 646 1171 vacante5‚
659 1137 692 1165 ad
701 1135 840 1164 seculares
853 1135 940 1163 mole-

141 1186 199 1214 stias
211 1185 328 1213 devocet
337 1202 345 1210 .
355 1194 411 1211 can.
423 1181 611 1210 Sacerdotium
621 1201 629 1212 ‚
654 1178 708 1206 loc.
720 1178 768 1205 cit.

100 1228 350 1255 Montanium<
361 1245 369 1256 ,
380 1222 470 1251 statii-n
483 1243 490 1255 ,
502 1230 616 1259 repente
628 1240 635 1247 .
648 1218 715 1254 [Ut
724 1216 867 1254 utriusque
878 1216 940 1244 offi-

141 1266 178 1294 cii
190 1264 396 1294 momemaliter
408 1263 561 1301 perciperet
572 1259 778 1299 plenitudinem
787 1278 793 1284 .
816 1258 841 1285 S.
852 1255 942 1285 Ursus

141 1307 227 1335 Abbas
240 1306 269 1334 in
281 1307 338 1334 vita
348 1304 438 1333 Sancti
450 1303 575 1332 Marcelli
590 1322 598 1333 ,
612 1301 656 1328 lib.
669 1311 695 1327 ,ι-
706 1308 763 1336 cap.
776 1309 802 1336 3.
815 1298 841 1328 §.
855 1308 882 1332 9.

97 1348 256 1378 Monicmi
271 1368 277 1374 .
297 1346 353 1374 PR.
364 1344 494 1372 Monialis
503 1364 510 1371 .
532 1344 589 1379 [In
599 1341 678 1369 nullo
699 1340 761 1367 loco
773 1336 924 1367 Monachos
935 1359 942 1369 ,

142 1391 170 1416 δι
181 1385 328 1417 Monachas
341 1385 526 1423 permittimus
537 1384 567 1411 in
580 1391 663 1411 unum
673 1379 884 1411 Monasterium3
893 1377 945 1409 ,sed

144 1438 192 1456 nec
204 1438 233 1456 ea
244 1450 250 1461 ‚
270 1437 329 1466 quae
346 1425 468 1462 duplicia
479 1423 644 1452 Monasteria
666 1430 816 1452 vocantur,
836 1429 895 1446 can.
916 1418 946 1446 in

144 1469 221 1495 nullo
235 1472 279 1495 18.
289 1477 334 1505 qu.
347 1478 371 1494 ε..
384 1468 395 1495 ]
408 1465 482 1492 Vide
498 1465 651 1499 Monastica
660 1482 667 1488 .
691 1460 823 1490 inomaus
833 1480 841 1487 .

104 1507 303 1535 Monncfflims
315 1526 322 1533 .
346 1505 418 1533 Vide
437 1505 620 1533 monachilis.

103 1547 316 1576 Mosncnfxrus
326 1566 332 1573 .
343 1545 416 1573 Vide
428 1546 614 1582 Singularitas
626 1563 633 1570 .
643 1542 824 1571 Monachium
832 1562 840 1573 ,
852 1544 879 1568 ὃ(
889 1546 947 1570 Mo-

147 1589 251 1616 nachus
261 1607 268 1615 .

105 1628 121 1660 Ξ
143 1630 292 1657 ΜοκΑωιι
305 1648 311 1654 .
336 1628 444 1655 Horum
474 1625 585 1664 antiqua
604 1623 715 1653 nomina
724 1645 731 1652 .
751 1623 926 1653 Anachoretae
939 1643 946 1654 ‚

146 1673 290 1698 Acoemeta
305 1689 312 1700 ,
325 1668 468 1704 Apostolici'
480 1688 488 1699 ‚
499 1667 672 1696 Benedzc'h'm
688 1686 694 1696 ,
713 1660 811 1694 Boonol
823 1685 831 1696 ,
855 1663 947 1691 Cella—

147 1710 210 1737 lam
222 1731 228 1741 ,
253 1709 395 1736 Coenobitae
408 1730 415 1740 ‚
428 1710 608 1736 continentes
617 1727 626 1738 ,
649 1705 748 1733 culdei
760 1725 768 1737 ‚
789 1706 926 1744 Gyrovagi
936 1725 943 1736 ‚

131 1750 311 1787 'Hesychastae
324 1769 332 1780 ,
351 1748 485 1776 Phtlorhei
505 1769 513 1780 ,
545 1747 696 1777 Remboth,
721 1751 927 1774 Renunraantes
939 1766 946 1776 ,
