1866 2526
113 16 192 57 412
449 2 486 44 L
517 2 535 42 Ι

98 62 265 90 ordinantur
275 81 282 88 .
301 61 376 90 Item
386 62 469 99 Kyrie
483 59 579 96 eleifim
588 80 596 92 ‚
609 58 683 97 quod
693 57 722 86 in
734 57 809 86 Miffi
830 54 899 84 dici-

101 112 156 134 tur,
166 102 248 132 etiam
257 101 422 139 appellatum
433 99 486 129 fuit
495 102 613 128 Litania
623 121 630 132 ‚
640 109 674 127 ex
685 109 718 126 eo
728 99 789 136 quia
798 96 901 133 suppli-

101 143 173 171 catio
183 142 216 172 fit
226 163 233 174 ,
242 151 272 172 ut
281 140 329 169 suo
341 141 403 170 loco
414 140 518 168 dietum
531 139 600 170 fuit;
613 143 640 167 δ(
652 141 691 168 ita
702 140 731 166 in
742 136 900 176 quibusdam

102 184 189 213 MSS.
201 181 322 219 antiquis
338 180 493 210 Ritualibus
503 180 619 218 legimus
629 201 637 212 ,
656 179 730 218 quod
749 189 779 206 in
788 178 900 206 Sabbato

99 222 192 255 saneto
201 223 362 252 dicebantur
372 224 487 250 Litania
499 226 610 257 Septenae
621 242 629 254 ,
645 222 795 258 Quintena
806 239 814 250 ‚
834 222 901 245 Ter-

1001 55 1035 84 In
1046 52 1166 84 solidum
1178 54 1267 83 frastis
1276 56 1420 94 riguerunt
1429 65 1564 84 marmora
1573 53 1700 85 membris
1710 74 1720 88 ,

1039 96 1163 123 Partibus
1184 96 1215 123 in
1234 96 1349 124 crustam
1372 95 1513 134 colligitur
1534 95 1648 134 genius.

1001 134 1098 164 Unam
1119 135 1154 163 de
1176 135 1256 164 variis
1277 135 1396 174 speciem
1418 147 1584 175 componere
1608 137 1699 169 frustis

1040 176 1096 212 Qui
1119 175 1231 212 potuit,
1252 174 1345 204 saxum
1363 176 1441 205 duxit
1461 177 1491 205 in
1507 177 1667 215 obsequium
1679 198 1687 205 .

958 215 1034 243 Vide
1056 215 1222 252 Masi-ilum,
1243 218 1415 253 Sarsoriusn.

99 273 137 295 na
150 285 157 296 ,
176 263 232 292 five
250 264 410 299 Septenaria
419 283 426 293 ,
447 263 593 302 Quinaria
605 280 613 292 ,
635 262 771 288 Ternaria
784 272 788 286 ;
813 257 882 285 idest
894 278 900 289 ‚
918 256 1066 284 Linon-'M
1078 275 1084 282 .
1107 257 1163 284 FR.
1175 255 1221 284 Lis
1231 276 1239 288 ‚
1260 257 1445 286 controversia
1455 277 1462 284 .
1473 258 1575 287 Bullar.
1586 258 1680 288 Cafin.
1689 267 1759 286 tom.

100 304 165 342 quia
182 303 213 331 in
224 304 274 331 illo
283 302 328 330 dic
338 302 370 329 ad
382 301 487 330 fontem
507 298 692 338 baptismalem
713 302 794 338 Kyrbe
804 298 901 334 eleison

962 307 988 324 z.
998 295 1122 324 Constit.
1137 299 1216 328 11.)(
1230 296 1304 323 Vide
1313 297 1468 334 Elitigatus
1479 319 1486 325 .

101 345 192 383 primo
203 343 302 381 septies
313 363 321 375 ,
331 342 432 370 deinde
441 341 586 379 quinquies
595 361 603 372 ‚
626 340 766 368 &ultimo
776 347 817 366 ter
839 348 901 376 pro·
920 338 1033 364 LITERA
1046 356 1054 367 ,
1079 337 1135 364 FR.
1146 336 1315 364 elementum
1327 337 1541 375 alphabeticum:
1555 339 1671 375 [Unius
1682 338 1759 366 litte-

100 384 252 415 ferebatur.
275 384 320 412 De
338 385 420 422 Kyrie
432 382 530 418 eletson
547 381 650 408 centies
671 380 777 418 prolato
799 379 902 407 dietum

100 425 182 454 etiam
203 425 255 453 fuit
276 423 324 456 suo
345 424 425 452 loco.
447 423 518 450 Item
540 421 569 448 in
591 421 690 448 ordine
713 423 842 448 Romano
859 428 900 446 re-

960 385 996 405 1¹ae
1007 375 1126 404 defectus
1136 386 1193 403 non
1204 376 1285 405 vitiat
1297 375 1458 415 rescriptum
1467 399 1476 411 ,
1487 380 1517 407 in
1527 380 1654 409 decretal.
1662 380 1696 408 de
1706 378 1761 407 fide

961 416 1171 444 instrumentor.
1180 427 1236 454 cap.
1251 427 1259 444 1
1272 428 1294 444 i.
1307 419 1319 448 ]

101 465 206 503 peritur
217 464 276 493 haec
287 462 389 502 phrafis
397 483 405 494 ‚
429 466 564 498 imponere
573 464 719 489 Litaniam
729 481 737 492 ,
760 470 820 498 quae
832 458 903 486 inci·
920 459 1036 486 Limon
1049 478 1056 489 ,
1074 455 1118 484 seu
1129 462 1235 485 thtem
1248 478 1255 488 ‚
1265 458 1342 495 epist.
1354 458 1420 486 Vid.
1429 460 1548 496 Syllaba,
1559 471 1618 501 quae
1628 461 1700 499 apud
1710 464 1760 489 Ec<

101 516 165 546 pere
176 509 258 541 Kyrie
269 504 366 540 eleison
378 501 522 540 fignificat.
534 501 630 531 Hodie
640 511 730 529 autem
742 510 791 538 per
801 509 903 527 nomen

100 542 344 575 Litanz'anonniii
363 543 571 571 invocationem
589 542 749 570 Saneiorum
761 562 769 573 ,
792 550 843 578 qua
854 543 903 568 Ec-

101 587 180 615 clena
199 586 241 613 uti
250 584 337 615 solet,
360 583 547 621 intelligitur,
570 584 615 620 qui
639 581 698 609 usus
715 580 835 609 nonfuit
856 590 904 608 an-

101 636 130 658 te
152 627 189 654 D.
202 624 372 659 Hieronymi
383 633 506 661 tempora
517 645 524 655 ‚
547 632 577 650 ut
600 623 661 650 vult
684 621 773 650 Valaf.
796 621 830 648 de
847 621 902 648 reb.

104 667 177 697 Eccl.
195 677 218 693 c.
233 670 278 693 28.
297 664 349 693 Sed
358 663 410 691 hoc
429 663 458 691 in
470 663 586 691 Ecclesia
597 665 721 692 Romana
738 661 903 698 intelligen-

99 707 164 737 dum
176 718 184 738 5
208 716 270 734 nam
294 706 324 733 in
336 703 511 738 Neocaeszirea
521 704 638 732 Ecclciia
658 713 715 731 erat
738 703 767 730 in
788 700 835 729 usu
857 711 903 728 an—

103 758 166 779 teri,
189 755 218 774 ut
241 756 273 774 ex
285 745 368 783 Epist.
388 745 424 772 D.
443 743 592 780 Bizsilii63.
611 744 771 781 colligitur.
796 741 904 770 Adver-

104 787 220 816 teiidum
242 785 351 824 insuper
363 784 400 814 est
412 805 418 816 ,
437 785 511 823 quod
522 785 637 816 Litaniis
659 795 672 812 a
683 786 712 811 B.
725 783 775 811 Pio
785 784 855 819 Papa
866 782 902 809 V.

103 827 257 859 reformatis
279 837 337 854 non
359 824 468 863 pofl'unt
490 825 546 852 linc
568 825 677 853 licentia
697 824 773 852 Sedis
785 821 904 859 Aposto-

104 870 165 897 licae
188 868 233 896 alii
255 867 347 897 Sansti
372 866 496 894 titulares
514 864 577 894 addi
587 886 595 898 ‚
619 869 694 897 juxta
707 862 832 901 responsa
849 863 904 889 Sic.

103 909 166 938 Rit.
184 910 354 945 Congregat.
377 906 411 934 ad
434 906 592 934 Canonicos
611 903 762 944 Regienses
792 902 838 930 sub
860 902 905 930 die

107 961 153 980 22.
165 948 259 976 Martii
273 955 356 985 1631.
378 947 456 974 data:
481 946 569 973 multo
590 956 678 975 minus
700 943 805 983 pofl'unt
817 943 906 972 SariCn

106 1000 165 1019 non
185 988 344 1022 canonizati
364 987 496 1025 adjungi.
518 987 646 1014 Bellarin.
666 986 699 1014 de
711 987 831 1014 Sanctor.
848 984 904 1011 bea-

107 1029 188 1058 titud.
207 1039 264 1066 cap.
281 1039 323 1055 ιο.
347 1028 429 1064 Quod
451 1027 553 1055 nedum
576 1027 681 1065 publice
693 1048 701 1059 ,
723 1025 769 1054 sed
792 1035 840 1054 nec
851 1023 906 1062 pri-

106 1070 193 1100 vatim
215 1069 295 1102 docet
307 1068 427 1097 Sanchez
450 1068 495 1095 lib.
513 1078 535 1094 i.
547 1078 569 1096 c.
583 1078 609 1105 3.
621 1078 646 1094 n.
660 1067 764 1102 5.su11i.
778 1066 836 1093 fieri
848 1065 907 1092 lice.

108 1121 137 1139 re
156 1131 162 1138 .
186 1112 260 1143 Item
281 1109 415 1137 Clemens
433 1109 518 1136 VIII.
541 1108 650 1136 decreto
673 1107 813 1145 prohibuit
836 1116 908 1133 anno

110 1158 194 1180 1601.
217 1161 251 1178 ne
273 1150 483 1187 imprimantur,
506 1158 577 1176 neve
599 1149 629 1176 in
642 1148 756 1177 Ecclesia
779 1155 909 1174 canantur

106 1193 166 1221 aliae
189 1191 294 1219 litaniae
307 1212 315 1223 ‚
338 1190 388 1218 nisi
399 1188 535 1217 consuetae
559 1189 593 1217 de
605 1189 706 1217 Sanctis
717 1210 723 1220 ‚
747 1192 773 1216 δε
784 1188 817 1215 de
829 1190 909 1215 Beata

106 1231 214 1264 Maria,
236 1241 294 1268 qua:
317 1230 501 1258 communiter
519 1235 679 1257 Lauri-tima
700 1229 846 1256 dicuntur.
866 1228 910 1255 De

108 1272 233 1310 Reliquo
243 1291 249 1298 .
274 1272 345 1300 Vide
354 1270 474 1307 Procejfio
486 1290 493 1297 .
515 1270 590 1305 Quid
601 1269 748 1297 dicendum
758 1268 789 1296 iit
800 1269 829 1295 in
838 1268 911 1296 Lita-

109 1314 164 1343 niis
174 1312 316 1348 majoribus
326 1321 450 1349 tempore
462 1311 537 1339 Sedis
549 1312 677 1338 Vacantzs
688 1332 695 1343 ‚
708 1311 768 1338 loco
782 1330 789 1341 ,
808 1312 845 1337 Ut
857 1313 909 1336 Do·

110 1364 209 1383 mnam
216 1352 400 1389 Apostoltcum
409 1372 417 1384 ‚
429 1354 481 1379 δίς.
492 1351 566 1379 Vide
577 1352 743 1388 Apostolicus
754 1370 760 1378 .

69 1399 276 1427 LITHOPARIUS
291 1414 298 1428 ,
311 1403 344 1420 ex
354 1392 450 1431 graecis
460 1391 602 1419 dietionib.
614 1389 691 1425 λίθος
702 1412 708 1423 ‚
725 1389 792 1421 idest
807 1389 912 1426 lapis,&

110 1433 212 1469 ποίειος
224 1455 231 1466 ,
243 1432 330 1461 insula
340 1433 391 1460 boc
404 1432 516 1460 nomine
525 1432 661 1469 appellata
670 1454 677 1464 ,
689 1441 747 1468 qua*
760 1430 866 1468 semper
878 1431 915 1457 la-

112 1475 233 1515 pidicina
244 1472 426 1512 pretiosorum
441 1472 492 1500 fuit
505 1478 516 1506 [
527 1473 612 1510 Juxta
623 1472 686 1500 alias
695 1472 819 1508 antiquas
830 1469 874 1499 sex
887 1470 915 1498 li<

110 1516 250 1554 thoparias
259 1512 430 1551 superposuit
442 1513 527 1540 trabes
541 1533 548 1540 .
564 1513 717 1541 Anast.Gr.
730 1513 786 1540 111.
800 1514 811 1542 J
825 1511 875 1539 Sed
887 1512 916 1538 in

115 1556 249 1595 aliquibus
259 1554 410 1583 Codicibus
420 1562 548 1590 corrupte
558 1554 693 1590 Filopares
706 1574 713 1584 ,
736 1552 854 1591 legitur.

70 1600 302 1631 LITHOSTROTOS
316 1617 323 1627 ,
345 1592 498 1633 λιθὲςρωπς
508 1615 515 1625 ,
534 1593 666 1623 musivum
676 1603 743 1631 opus
754 1593 787 1623 de
797 1602 851 1630 quo
874 1591 915 1619 di-

115 1639 188 1667 {tum
199 1637 235 1664 est
247 1637 275 1664 in
288 1636 353 1664 diei.
362 1635 509 1666 Galabatha
519 1654 526 1661 .
552 1636 608 1663 PR.
630 1643 708 1671 quam
718 1642 803 1661 artem
814 1644 828 1660 a
836 1634 913 1661 Gra:-

112 1679 151 1707 cis
163 1679 305 1706 inventam
318 1676 392 1704 fuiss'e
403 1696 409 1707 ,
425 1676 498 1703 Plin.
508 1675 554 1701 lib.
566 1685 579 1711 3
588 1681 613 1702 6.
628 1685 651 1702 c.
663 1686 676 1702 2
685 1684 709 1709 5.
720 1674 838 1701 affirmat
850 1694 858 1705 ,
879 1672 916 1699 ita

113 1719 241 1758 inquiens
255 1724 265 1753 [
277 1716 431 1755 Originem
443 1715 542 1743 habent
554 1716 663 1742 eborata
673 1724 730 1742 arte
740 1714 852 1752 pifltiirx
876 1723 916 1740 ra-

113 1761 203 1791 tione,
215 1760 301 1787 donec
313 1757 470 1786 lithostrota
481 1756 611 1792 expulere
621 1764 680 1783 eam
691 1758 742 1783 &c.
752 1753 872 1792 parvulis
884 1763 915 1780 ex

113 1801 218 1831 testulis
228 1821 235 1832 ‚
248 1797 394 1836 tinfflsque
406 1798 435 1824 in
447 1797 536 1825 varios
544 1797 672 1827 colores]
686 1798 720 1823 Et
730 1794 843 1823 inferius
856 1803 918 1823 nar-

114 1853 155 1870 ras
165 1863 172 1874 ‚
193 1839 302 1879 quando
313 1837 370 1866 liaec
381 1848 422 1866 ars
432 1840 550 1867 Romam
573 1837 658 1865 suerat
669 1836 774 1864 delata:
797 1833 918 1870 [Litho-

957 496 1118 525 cleiiasticos
1130 498 1210 525 variae
1221 496 1284 525 sunt
1297 519 1304 530 ,
1318 498 1385 526 idest
1402 520 1410 530 ‚
1422 503 1677 530 Commumcatom'ae
1689 523 1696 533 ‚
1708 505 1763 529 Ca-

959 540 1058 566 nonna
1072 535 1116 565 seu
1128 538 1245 573 Patt'ficae
1258 558 1264 564 .
1286 540 1384 566 Baron.
1395 549 1437 567 an.
1453 551 1461 567 1
1470 552 1515 576 42.
1535 552 1562 569 n.
1573 549 1600 570 6.
1610 545 1637 569 δε
1650 553 1675 574 7.
1689 543 1763 570 Item

959 577 1160 613 Dimtfforttzles
1171 599 1178 610 ,
1189 579 1361 607 Memoriales
1372 600 1380 611 ‚
1398 584 1612 610 Commonitoria
1623 602 1631 614 ‚
1651 583 1763 619 Synodi-

958 629 989 646 τι
1003 638 1010 649 ‚
1022 618 1165 654 Encyclm
1179 619 1243 654 ,seu
1253 621 1412 648 circulares
1423 641 1431 652 ,
1443 622 1587 650 embolin
1598 643 1605 649 .
1617 621 1686 650 Ibid.
1698 632 1724 649 n.
1738 627 1763 649 8.

960 659 1033 686 Item
1044 659 1282 687 Commendamus
1296 679 1302 686 .
1323 659 1396 687 Vide
1415 661 1443 688 in
1466 661 1530 689 dici.
1542 663 1744 700 Char-episcopus
1757 683 1763 689 .

959 699 1033 726 Item
1045 697 1208 736 Conseffimae
1223 702 1421 737 mancipiorum
1432 713 1442 733 ,·
1454 704 1602 738 Pastorales
1614 722 1621 729 .
1633 702 1764 738 Ibid.n.9.

959 738 1122 774 Apostolica‚
1133 741 1237 767 Brevia
1250 760 1257 771 ,
1271 740 1379 768 Clerica
1390 762 1397 772 ,
1409 740 1454 769 seu
1467 743 1614 770 clericales
1626 763 1633 769 .
1654 742 1724 770 Ibid.
1736 753 1762 769 n.

965 788 974 805 i
982 789 1008 805 0.
1018 781 1158 806 Trai‘boriae
1173 798 1181 810 ,
1192 776 1237 806 seu
1248 782 1422 808 Traibatoriae
1434 803 1440 814 ,
1451 785 1497 809 Prz‘
1503 791 1570 810 vata
1583 803 1589 809 .
1603 783 1675 811 Ibid.
1687 793 1712 809 n.
1722 793 1729 810 1
1741 792 1765 809 i.

961 819 1032 846 Item
1045 819 1155 861 {estiva
1168 839 1175 845 .
1198 819 1275 846 Idem
1286 822 1383 848 Boron.
1397 832 1440 849 an.
1452 829 1517 859 263.
1530 833 1555 850 n.
1574 834 1616 857 14.
1636 825 1708 851 Item
1732 822 1765 850 de

962 858 1045 885 modo
1054 858 1189 885 icnbendi
1201 880 1208 890 ,
1227 863 1254 887 ὃ(
1274 860 1411 897 sigillandi
1431 862 1624 891 Eccleiiasticas
1644 864 1746 890 litteras
1756 882 1764 890 .

961 899 1041 926 Idem
1051 900 1147 926 Baron.
1159 909 1234 926 anno
1250 910 1258 926 1
1271 910 1277 926 i
1289 911 1332 935 79.
1344 912 1370 928 n.
1384 911 1428 936 52.
1441 906 1467 930 ὃ(
1483 912 1527 939 53.
1541 914 1582 931 an.
1597 913 1663 940 253.
1677 915 1705 931 n.
1717 914 1765 936 72.

961 942 989 981 ὃς
999 948 1040 966 an.
1054 948 1118 982 517..
1129 949 1162 981 n.⁴
1171 950 1215 966 ιο.
1226 943 1252 967 3<
1264 937 1339 978 seqq.
1352 942 1377 969 S.
1388 942 1484 970 Cletus
1504 945 1575 981 Papa
1585 944 1686 981 primus
1698 945 1727 971 in
1737 953 1765 969 e-

963 978 1068 1017 pistolis
1078 980 1136 1006 ulus
1148 982 1198 1007 luit
1210 979 1265 1007 illis
1276 982 1364 1008 verbis
1376 992 1382 1008 :
1392 981 1528 1014 Salutem,
1543 982 1576 1015 &a
1586 984 1764 1020 Apostolicam

964 1020 1185 1062 Benedaelfconem
1195 1040 1203 1052 ‚
1222 1030 1281 1057 quae
1294 1020 1384 1058 postea
1394 1032 1406 1049 a
1417 1022 1512 1049 ceteris
1531 1023 1711 1051 Pontificibus
1720 1023 1766 1050 ad-

964 1059 1059 1102 hibita:
1071 1062 1179 1087 ruerunt
1189 1080 1195 1087 .
1219 1062 1339 1098 Joanncs
1359 1062 1497 1091 Diaconus
1509 1062 1595 1091 asserit
1606 1064 1642 1091 D.
1654 1066 1767 1101 Grego-

964 1109 1036 1128 rium
1053 1100 1184 1138 Magnum
1205 1101 1306 1129 litteris
1326 1103 1480 1140 apostolicis
1501 1105 1580 1133 verba
1600 1104 1647 1131 illa
1665 1109 1767 1132 Servs-*5

960 1142 1161 1178 servorumDez
1171 1140 1513 1173 adhibuisse5veruntamen
1524 1145 1616 1172 eadem
1628 1145 1707 1173 verba
1717 1143 1768 1171 ini.

966 1191 1010 1224 iio
1020 1182 1109 1208 tertiae
1121 1181 1243 1218 epistolae
1255 1183 1392 1212 &Damasi
1403 1187 1481 1221 Papae
1491 1185 1524 1212 ad
1535 1184 1703 1223 Stephanum
1714 1187 1769 1213 Ar-

967 1221 1057 1265 cliiep.
1069 1231 1242 1264 reperiuntur
1254 1242 1260 1248 .
1278 1224 1333 1252 PR.
1345 1224 1494 1262 Episcopos
1503 1226 1585 1253 etitim
1599 1225 1692 1253 iisdem
1706 1235 1768 1254 ver-

967 1263 1045 1304 bis-in
1056 1262 1176 1298 epistolis
1186 1261 1245 1289 usos
1258 1262 1331 1290 fiiisse
1351 1264 1456 1292 constat
1476 1266 1505 1293 in
1515 1265 1695 1303 inscriptione
1704 1265 1769 1293 alla-

969 1312 994 1330 m
1005 1311 1033 1329 in
1045 1301 1099 1329 fine
1107 1301 1172 1329 diast-
1181 1301 1277 1339 Insula
1287 1323 1293 1330 .
1308 1304 1352 1331 De
1363 1304 1462 1333 litteris
1472 1306 1644 1333 circularibus
1654 1306 1717 1333 vide
1729 1314 1769 1332 et-

970 1343 1022 1370 iam
1040 1352 1099 1370 can.
1111 1352 1166 1369 non
1193 1351 1305 1379 oportet
1325 1343 1359 1370 de
1375 1343 1520 1372 consecrit.
1533 1345 1594 1372 dist.
1610 1356 1634 1380 5.
1657 1346 1700 1373 De
1723 1345 1769 1372 lit-

971 1382 1035 1411 teris
1056 1381 1282 1411 Dimiflorialibiis
1293 1404 1300 1410 .
1324 1385 1429 1412 Sufficit
1447 1384 1542 1414 habere
1560 1386 1664 1414 litteras
1685 1385 1768 1413 solius

972 1422 1098 1460 Episcopi
1136 1423 1179 1450 ubi
1192 1423 1339 1462 Episcopus
1350 1435 1428 1453 notus
1441 1426 1490 1456 sit,⁵
1513 1426 1599 1454 sedin
1609 1426 1721 1454 remotis
1733 1428 1767 1453 E-

973 1462 1091 1501 piscopis
1109 1463 1284 1501 requiruntur
1295 1467 1414 1503 quinque
1437 1466 1523 1504 sigilla
1533 1487 1540 1494 .
1559 1466 1651 1495 Gloss'a
1670 1466 1702 1496 in
1709 1476 1767 1493 can.

973 1513 1104 1542 quoniam
1115 1525 1123 1536 ‚
1145 1515 1191 1532 22.
1204 1515 1248 1541 qu.
1260 1515 1286 1542 3.
1300 1509 1502 1543 Argumentum
1512 1517 1545 1535 ex
1567 1517 1624 1545 cap.
1642 1517 1664 1534 1.
1684 1506 1715 1533 in
1726 1516 1771 1533 ex-

973 1554 1043 1572 trav.
1053 1544 1158 1572 clericis
1170 1554 1306 1583 peregrin.
1320 1546 1391 1574 Vide
1403 1548 1541 1584 Diploma.
1550 1548 1593 1576 De
1606 1547 1706 1575 litteris
1718 1546 1773 1573 sor-

972 1585 1052 1613 matis
1063 1604 1070 1611 .
1092 1585 1165 1612 Vide
1176 1586 1378 1623 Chorepzfcopus
1391 1606 1397 1613 .
1417 1588 1461 1614 De
1470 1587 1572 1616 litteris
1589 1586 1752 1615 tractatoriis
1765 1607 1772 1618 ‚

973 1625 1176 1653 comendatitiis
1188 1646 1195 1657 ,
1217 1624 1261 1653 seu
1273 1625 1464 1657 commissoriis
1475 1647 1482 1654 .
1506 1628 1578 1656 Vide
1589 1630 1606 1657 l.
1627 1628 1645 1656 si
1657 1628 1717 1665 quis
1728 1627 1774 1654 lit—

975 1676 1043 1694 teras
1056 1667 1159 1693 nostras
1171 1666 1232 1693 eod.
1244 1666 1286 1694 tit.
1311 1668 1383 1695 Vide
1393 1667 1476 1696 eiiam
1488 1677 1516 1696 ln
1526 1668 1590 1696 dict.
1604 1668 1776 1704 Choreptsco-

970 1716 1022 1745 pus
1033 1726 1040 1733 .
1062 1707 1106 1734 Dc
1117 1706 1216 1734 Titulis
1227 1707 1257 1734 iii
1277 1707 1380 1735 litteris
1390 1709 1563 1746 apponendis
1575 1729 1581 1735 .
1606 1707 1680 1735 Vide
1689 1713 1773 1735 Titu-

973 1748 1017 1775 lus
1030 1767 1037 1774 .
1059 1749 1173 1775 Littcrx
1186 1745 1287 1774 Pis-anae
1299 1768 1306 1774 .
1331 1748 1404 1776 Vide
1412 1749 1549 1776 I’andedh
1565 1768 1572 1775 .
1592 1748 1635 1775 De
1647 1747 1707 1775 aliis
1726 1748 1773 1775 lit-

975 1797 1093 1816 tei·arum
1103 1788 1247 1825 generibus
1257 1807 1264 1814 .
1276 1788 1348 1816 Vide
1358 1789 1518 1816 Decretales
1530 1809 1536 1815 .
1548 1788 1692 1826 Paschnles
1702 1809 1710 1821 ‚
1722 1793 1773 1817 Re-

977 1829 1099 1857 verenda
1111 1849 1117 1855 .
1130 1829 1214 1856 sdera
1223 1848 1230 1855 .
1240 1830 1369 1865 suggestio
1379 1848 1386 1855 .
1398 1830 1531 1864 Systatzcae
1543 1849 1549 1856 .

114 1883 199 1911 strota
210 1881 425 1918 caeptaverejem
445 1877 492 1906 sub
503 1878 579 1912 Sylla
590 1876 712 1915 parvulis
721 1886 795 1904 certe
806 1875 900 1903 crustis
912 1897 918 1907 ,
936 1873 1119 1900 LiTTERAtls
1137 1870 1237 1897 SACRAE
1261 1869 1433 1897 Sciiiprunffi
1454 1870 1559 1897 Sensus
1570 1889 1577 1896 .
1601 1868 1673 1898 Vide
1693 1872 1775 1898 Ana-

115 1933 191 1952 extat
201 1922 342 1959 hodieque
353 1941 361 1952 ‚
371 1918 445 1957 quod
457 1928 484 1945 in
497 1919 627 1946 Fortunae
640 1917 754 1946 delubro
767 1919 825 1945 Pri·
832 1917 917 1946 neue]

972 1913 1050 1948 gagia
1062 1931 1068 1938 .

114 1964 267 2000 Dionysius
288 1959 484 1989 Carrhusmnus
503 1957 633 1986 mendose
645 1956 726 1986 habet
737 1979 744 1990 ‚
763 1957 919 1993 Lycostrotos
937 1955 1130 1981 LiTTeimTiivi
1142 1971 1149 1981 ,
1170 1949 1340 1978 Adverbium
1352 1970 1359 1981 ,
1385 1956 1396 1984 [
1409 1950 1541 1979 Mandato
1553 1948 1620 1978 mihi
1632 1970 1641 1982 ‚
1659 1959 1688 1977 ut
1700 1948 1777 1977 litte-

115 2005 204 2042 Hugo
215 2002 372 2032 Cardinahs
384 2022 391 2032 ,
404 2005 431 2028 ἃ
443 1999 536 2028 Gioss‘a
554 1999 694 2033 ordinaria
704 1999 920 2034 interpret-‘intur

976 2001 1055 2019 ratim
1065 1989 1210 2018 scriberem
1222 1991 1299 2018 vobis
1312 2003 1315 2017 :
1328 1991 1464 2019 Fiilbertus
1476 1992 1592 2019 Carnot.
1605 1989 1776 2027 Epist.108.]

118 2045 290 2080 Lithostrotor
301 2064 310 2075 ‚
321 2041 388 2070 idest
401 2063 409 2073 ,
423 2041 567 2076 judiciale
577 2060 583 2066 .
607 2043 645 2067 At
656 2039 722 2066 licet
733 2038 920 2066 Litliostrotos
938 2034 1158 2061 Liuianum
1170 2051 1177 2057 .
1200 2032 1254 2059 FR.
1265 2031 1333 2059 idest
1346 2052 1354 2063 ,
1366 2031 1520 2069 negotiatio
1529 2052 1536 2058 .
1549 2030 1607 2059 Ubi
1620 2029 1695 2057 enim
1704 2029 1779 2058 Psal-

119 2094 177 2112 erat
187 2085 230 2112 ubi
240 2087 280 2118 jus
292 2083 427 2110 dicebatur
438 2092 445 2111 5
459 2091 515 2109 non
528 2090 619 2108 tamen
630 2089 659 2107 re
670 2089 732 2107 vcra
741 2079 800 2106 haec
812 2079 848 2105 etii
873 2089 921 2107 no-

118 2124 202 2154 minis
213 2123 405 2161 interpretatio
416 2144 423 2154 ,
435 2122 502 2149 utin
512 2121 578 2150 dici.
589 2119 736 2148 Gabbatha
751 2119 856 2146 dicium
867 2119 904 2146 est
915 2138 922 2145 .

118 2166 183 2194 Hoc
194 2174 261 2201 opiis
282 2164 382 2203 dieitur
401 2171 483 2189 etiam
494 2163 646 2198 sarsormm
663 2180 670 2187 .
693 2159 834 2187 Ennodiiis
848 2158 923 2186 enim

119 2215 208 2243 epigr.
218 2215 266 2239 91.
279 2206 351 2237 cujus
364 2203 458 2230 titulus
469 2203 505 2229 est
519 2203 576 2236 [De
590 2200 764 2228 marmoribus
774 2208 856 2236 opere
865 2192 935 2233 Sar-l

116 2245 192 2276 sorio
202 2246 213 2274 ]
224 2271 225 2274 ,
235 2243 285 2270 hos
298 2243 387 2271 versus
398 2241 551 2280 composuit
563 2262 569 2269 .

164 2284 315 2314 Visceribus
339 2284 459 2320 lapidum
482 2283 619 2320 permixta
643 2282 702 2319 lege
725 2280 824 2309 coafiis
835 2299 842 2309 .

205 2327 335 2359 Naturam
368 2323 469 2351 iaciunt
491 2323 629 2351 artificum
650 2322 735 2350 studia
745 2342 753 2349 .

980 2072 1056 2100 iiiiila
1065 2072 1103 2099 ait
1116 2071 1270 2107 [Quoniam
1282 2081 1340 2098 non
1351 2071 1474 2110 cognovi
1484 2070 1778 2102 litteraturani‚introi-

980 2113 1013 2140 bo
1023 2112 1056 2140 ad
1066 2113 1202 2150 potentias
1211 2112 1340 2144 Domini,
1352 2111 1415 2149 psal.
1428 2122 1476 2143 70.
1486 2110 1671 2146 Symmachus,
1683 2114 1710 2138 δε
1722 2113 1781 2139 Ge-

981 2153 1139 2184 nebrcirdus,
1152 2153 1247 2189 legunt
1261 2152 1414 2187 [Quoniam
1424 2162 1481 2179 non
1491 2152 1614 2190 cognovi
1624 2152 1776 2181 numeros-l

981 2197 1021 2222 At
1032 2192 1150 2222 Gelaiius
1160 2195 1231 2229 Papa
1243 2201 1328 2220 vertit
1352 2198 1363 2227 [
1377 2193 1515 2228 Quoniam
1527 2203 1583 2220 non
1595 2191 1716 2230 cognovi
1733 2201 1779 2218 ne-

979 2243 1156 2273 gOtmtionc-s,
1169 2243 1227 2260 can.
1239 2232 1406 2271 consequens
1414 2233 1478 2261 dist.
1491 2237 1534 2261 88.
1548 2235 1559 2263 ]
1572 2236 1599 2261 δ(
1611 2243 1641 2260 in
1651 2231 1707 2259 ead.
1717 2230 1778 2257 dist.

982 2276 1060 2303 Palea
1071 2274 1100 2301 in
1110 2274 1137 2306 ξ,
1150 2274 1288 2306 Qiionirim
1298 2295 1305 2306 ‚
1325 2275 1368 2301 ubi
1380 2273 1463 2312 aliqui
1476 2273 1582 2302 codices
1591 2272 1691 2301 habent
1698 2275 1781 2307 Nego-

981 2319 1107 2348 timores,
1119 2324 1177 2353 que-².
1190 2315 1345 2353 negoriatio
1354 2325 1367 2343 :i
1379 2315 1415 2344 D.
1426 2314 1510 2345 Paulo
1520 2313 1691 2350 thstrqtio
1699 2311 1781 2338 dam-

1649 2358 1739 2380 uallo*
