1866 2526
513 60 581 102 Ex
611 58 771 112 Evang.
801 53 843 96 S.
872 49 1028 103 Lucae,
1059 53 1105 96 &
1138 52 1306 106 Ioannis
1326 81 1336 91 .

111 124 148 154 de
159 121 280 152 concilio
288 129 457 159 congregato
464 128 561 148 contra
573 116 722 156 Apostolos
731 136 738 148 ,
749 113 824 154 quod
833 120 906 142 certe

114 164 216 195 accidit
224 161 282 202 post
293 161 401 191 Christi
410 158 641 189 resurreetionem
652 168 660 190 5
681 166 748 195 ergo
761 158 854 185 Annas
864 161 907 182 re—

115 206 225 236 stitutus
234 203 264 232 in
283 202 424 241 pristinam
435 200 619 240 dignitatum
643 197 795 227 rem-tnebzt
814 204 906 224 tamen

115 243 236 282 caiphas
255 243 285 272 in
294 242 414 271 secundo
434 242 498 271 loco
509 263 518 275 ‚
540 241 571 270 in
580 239 666 268 tertio
681 247 772 268 autem
785 235 907 266 sacerdos

113 294 192 323 caput
203 283 380 313 hebdomad:
392 295 401 315 ς
423 292 483 311 nam
492 281 522 311 hi
530 281 587 311 duo
594 279 701 319 semper
707 278 908 308 comitabantur

112 325 247 354 summum
274 322 443 354 sacerdotem
471 323 501 351 in
519 321 704 352 sunflionibus
723 318 824 352 sacris,
839 326 908 347 unus

114 367 228 405 quidem
247 376 261 394 a
278 364 401 398 dextris,
423 373 538 402 nempe,
560 360 694 392 Pontifex
704 360 787 393 anni,
809 358 876 388 alius
894 368 908 386 a

115 407 227 436 linistris
237 428 245 440 ,
255 405 361 435 scilicet
370 426 378 438 ,
389 414 469 444 caput
481 402 656 433 hebdomadae
667 422 674 430 .
697 399 856 440 Colligitur
865 408 908 443 to-

111 457 138 475 ta
149 447 207 476 lizc
218 447 344 476 dostrina
353 457 385 475 ex
398 446 578 476 Hebraeorum
587 441 775 472 caeremoniali
787 462 795 474 ,
817 449 848 468 ut
857 449 909 468 mi-

112 487 142 516 hi
154 489 264 517 testatus
275 487 312 517 est
324 488 441 525 Joannes
454 484 572 524 Baptista
589 485 672 522 Jonas
682 482 712 511 in
723 483 854 511 Romano
864 481 908 509 Sa-

112 528 226 568 pientise
237 527 470 567 Archigymnzifio
489 524 621 555 hebraicae
633 523 736 562 linguie
758 521 907 561 profess'or‚

113 570 182 598 olim
192 570 266 599 inter
282 569 421 599 Rabbinos
438 565 682 604 Archisynagogus
700 563 890 593 celeberrimus
901 582 908 589 .

1631 53 1711 105 763

961 110 1086 140 sentiant
1096 122 1156 140 cum
1172 112 1205 140 iis
1216 134 1224 145 ,
1246 120 1311 149 quas
1319 109 1418 138 habent
1429 109 1455 138 S.
1466 109 1549 140 M2tt.
1561 110 1589 139 &
1598 109 1624 139 S.
1637 112 1705 139 Mar.
1717 109 1765 140 di.‘

961 152 1078 182 cendum
1087 153 1124 182 est
1134 154 1254 182 omnino
1263 161 1350 180 unum
1361 171 1371 188 ,
1379 151 1550 190 eundemque
1563 151 1636 181 fuisse
1646 161 1761 187 coecum,

963 193 1011 234 qui
1021 195 1094 233 prius
1104 194 1283 233 ingrediente
1296 191 1412 222 Christo
1422 192 1549 221 Dommo
1561 193 1674 231 petierit
1683 195 1719 222 nb
1731 195 1764 223 il.

964 237 992 265 lo
1010 235 1160 264 illuminari
1172 256 1178 268 ,
1202 243 1298 264 verum
1316 243 1378 262 cum
1394 234 1429 262 ob
1446 233 1531 263 turbz
1553 233 1764 265 multitudinem

965 287 1023 306 non
1032 276 1172 306 audiretur
1181 297 1189 309 ‚
1208 279 1235 305 ὃ(
1247 274 1361 314 ipsemet
1371 273 1500 304 Christus
1509 272 1691 303 dissimularet
1700 297 1707 308 ,
1729 286 1761 307 ut

965 322 1021 353 ejus
1031 317 1116 348 fidem
1125 327 1232 346 acueret
1244 337 1252 349 ,
1270 317 1345 345 stetit
1356 315 1491 355 postridie
1507 315 1543 344 ed
1555 324 1663 352 portam
1672 316 1744 344 urbis
1754 339 1762 349 ,

966 360 1058 398 ibique
1075 358 1192 388 Christo
1212 357 1373 396 egrediente
1402 355 1488 384 rursus
1511 355 1605 384 vistim
1628 355 1766 395 postulans

965 402 1084 440 gratiam
1106 399 1268 438 impetrarit
1277 418 1287 434 ,
1311 397 1348 425 ita
1358 395 1481 425 sentiunt
1505 398 1530 426 S.
1543 397 1639 426 Ambr.
1659 397 1689 426 in
1698 398 1765 428 Luc·

965 453 989 471 c.
1006 447 1048 471 18.
1058 442 1146 470 Dion.
1156 438 1256 469 Carth.
1269 437 1354 468 Mald.
1367 438 1445 466 Fran·
1458 438 1540 466 Lucas
1550 460 1557 470 ‚
1580 442 1608 468 &
1618 437 1664 467 alii
1676 458 1683 466 .

1016 525 1075 554 EX
1105 521 1350 553 EVANGEL.
1380 519 1406 548 S.
1429 518 1673 557 JOANNIS.

75 608 147 639 Ibid.
161 621 187 638 v.
197 621 210 649 3
219 618 245 640 6.
269 610 349 646 [Qui
371 609 422 638 suit
433 608 492 637 sale
502 629 510 640 ‚
528 606 575 645 qui
586 605 638 634 fuit
647 604 756 634 Cainan
766 626 774 637 ,
797 605 846 642 qui
859 602 910 631 fuit
926 607 1014 636 CAP,
1031 617 1054 635 ι,
1066 602 1137 634 vers.
1151 607 1196 633 28.
1209 607 1223 638 t
1234 604 1269 632 In
1280 600 1414 632 Bethania
1425 609 1499 629 trans
1509 599 1659 638 Jordanem
1671 603 1700 633 .]
1726 603 1765 631 Ag

113 650 275 690 Arphaxad.
286 653 298 683 ]
321 651 347 679 S.
358 648 532 687 Evangelista
542 654 684 676 enumerat
695 644 802 675 Christi
812 654 910 683 genea-

114 692 215 731 logiam
234 690 337 720 sursum
346 688 522 719 ascendendo
533 709 541 721 ,
563 687 601 716 ita
610 696 641 715 ut
660 684 812 725 Arphaxad
820 685 853 714 lit
865 695 911 723 pa-

114 741 156 760 ter
174 732 280 761 Cainan
292 753 300 765 ‚
322 735 350 760 ὅ(
361 730 406 758 hic
428 739 503 768 pater
514 729 574 758 Sale
583 748 590 756 .
613 729 653 756 At
669 730 744 757 Gen.
758 738 802 756 ιο.
821 736 849 754 v.
863 737 910 760 24·

113 772 215 800 dicitur
223 785 232 800 :
253 776 265 806 [
279 770 430 810 Arphaxad
438 769 535 809 genuit
546 769 606 798 Sale
615 789 622 801 ,
635 769 646 799 ]
669 768 743 797 nulla
753 767 821 796 fasta
830 776 911 795 men-

114 812 192 841 tione
200 812 235 840 de
244 812 353 841 Caimn
363 831 370 838 .
382 812 463 840 Hanc
473 809 658 846 objeftionem
668 808 836 838 Christianis
848 818 912 847 pro-

113 852 195 891 ponit
207 852 316 882 Ahmed
328 850 405 881 Persa
416 851 531 890 probans
543 850 760 888 Evangeliorum
769 848 910 879 diss'onan·

114 902 200 922 tiam:
220 891 390 931 Respondeo
401 913 407 920 .
419 893 480 921 Mos
489 891 599 920 usitatus
608 891 646 920 est
655 891 727 930 apud
736 889 836 919 sacram
846 888 910 918 scri-

114 943 220 972 pruram
228 933 365 972 appellare
375 933 460 961 etiam
470 931 664 971 progenitores
674 941 798 970 parentes
808 931 912 959 media-

114 984 158 1003 tos
168 995 176 1006 ‚
197 974 262 1013 quia
272 984 330 1003 non
339 973 377 1003 est
388 974 468 1013 ipsius
480 973 620 1002 intentum
632 973 803 1012 singulorum
812 981 911 1010 genea-

114 1015 217 1053 logiam
237 1024 379 1044 numerare
388 1035 395 1042 .
417 1013 707 1044 Animadvertendum
724 1011 836 1052 insuper
856 1012 893 1041 est
904 1033 910 1044 ,

966 657 1024 686 cap.
1049 657 1057 675 1
1070 657 1092 674 ι.
1119 645 1157 674 ait
1186 643 1350 673 Bethaniam
1372 642 1446 672 fuiss'e
1467 643 1543 677 juxta
1564 641 1768 679 Jerosolymam

967 687 1004 716 cis
1024 686 1176 726 Jordanem
1185 705 1194 713 .
1217 683 1385 722 Respondeo
1397 705 1404 717 ‚
1427 683 1477 711 ista
1496 681 1630 712 Bethania
1641 705 1649 718 ,
1671 683 1705 711 de
1717 692 1769 722 qua

965 727 1011 756 hic
1021 728 1112 768 agitur
1123 749 1130 760 ‚
1154 736 1211 755 non
1221 726 1258 755 est
1270 725 1316 754 illa
1326 724 1444 754 Marthae
1458 744 1466 756 ,
1488 726 1516 752 <Sc
1527 724 1621 752 Mariae
1633 746 1642 758 ‚
1654 723 1701 752 sed
1713 723 1766 752 alia

968 778 1042 797 trans
1060 768 1210 806 jordanem
1221 767 1286 798 sim
1310 766 1384 795 unde
1393 765 1483 803 aliqua
1505 764 1670 803 exemplaria
1679 774 1768 804 graec:

967 811 1064 848 legunt
1077 809 1234 846 βηᾶκβειρὶ
1245 829 1253 840 ‚
1275 806 1342 836 idest
1355 829 1360 839 ,
1382 805 1527 835 Bithabira
1537 827 1545 838 ‚
1567 806 1643 844 quod
1653 806 1769 834 vocabu-

968 851 1025 879 lum
1036 850 1192 878 hebraicum
1201 847 1337 886 fignificat
1346 848 1460 876 domum
1469 846 1595 875 transitus
1605 858 1613 877 ς
1625 847 1682 875 imo
1692 856 1769 875 com-

968 892 1090 920 muniter
1100 900 1188 929 graeca
1200 889 1282 918 lectio
1293 889 1331 918 est
1343 887 1487 918 Bitliabara
1498 908 1506 920 ‚
1519 885 1635 926 Insuper
1647 887 1706 916 haec
1718 889 1771 916 Be-

967 932 1061 961 thania
1071 931 1196 960 scribitur
1207 940 1254 968 per
1266 928 1359 967 Aleph
1371 951 1378 963 ‚
1401 932 1430 957 Sc
1440 926 1576 967 fignificat
1596 928 1711 957 domum
1721 938 1770 957 na-

967 973 1009 1001 vis
1022 984 1028 1004 5
1051 973 1136 1001 altera
1151 969 1275 1000 scribitur
1286 981 1333 1010 per
1352 970 1412 1001 Ain
1420 991 1431 1008 ,
1454 973 1483 999 ὅ(
1501 968 1635 1008 significat
1654 969 1769 998 domum

967 1012 1132 1042 humilitatis
1142 1033 1149 1040 .

115 1057 234 1084 Textum
254 1056 400 1085 Arabicum
411 1076 419 1088 ‚
441 1059 469 1084 ὃ(
480 1057 611 1084 Graecum
624 1064 768 1083 numerare
779 1055 864 1082 etiam
883 1053 914 1081 iu
927 1054 999 1084 Ibid.
1024 1065 1050 1082 v.
1070 1066 1083 1093 3
1096 1065 1117 1082 1.
1143 1056 1228 1092 [Ego
1251 1050 1400 1081 nesciebam
1413 1061 1490 1080 eum.
1506 1053 1516 1082 l
1541 1050 1693 1087 Quomodo
1712 1050 1771 1080 fine

115 1096 215 1125 Genesi
227 1097 357 1128 Cainan5
381 1096 467 1135 igitur
478 1095 578 1124 mirum
597 1095 701 1124 nonest
714 1116 722 1128 ‚
745 1094 765 1123 si
775 1095 800 1123 S.
811 1095 893 1123 Lucas
905 1116 912 1125 ‚

968 1095 1103 1124 mendacii
1114 1105 1178 1123 nota
1188 1103 1297 1132 poterat
1315 1092 1369 1121 hoc
1382 1092 1472 1121 dicere
1484 1093 1603 1129 Joannes
1614 1113 1622 1125 ,
1644 1092 1691 1131 qui
1713 1101 1771 1130 pra:

113 1136 162 1174 qui
174 1147 264 1175 grxcc
274 1136 380 1175 scriplit
389 1157 399 1174 ‚
422 1147 479 1165 non
491 1137 686 1174 praetermittat
705 1135 914 1174 generationem
968 1136 1067 1176 gaudio
1079 1136 1108 1163 in
1117 1146 1196 1164 utero
1214 1134 1385 1163 exultaverat
1394 1132 1427 1161 ad
1438 1131 1573 1171 aspeRum
1583 1132 1692 1162 Christi
1712 1134 1773 1161 Do-

113 1177 225 1206 Cainan
236 1199 244 1210 ‚
265 1176 370 1207 secutus
381 1180 501 1206 Textum
513 1179 641 1206 Graecum
652 1198 658 1204 .

75 1215 147 1255 Cap.
163 1221 205 1246 18.
216 1228 243 1245 v.
251 1229 259 1246 1
267 1240 274 1246 .
287 1225 299 1254 [
312 1219 435 1257 Oportet
446 1217 552 1256 semper
561 1228 650 1250 orare,
659 1220 687 1245 &
698 1227 755 1245 non
765 1216 908 1246 deficere]

114 1258 224 1287 Durum
235 1260 346 1288 videtur
355 1258 408 1288 hoc
420 1267 587 1297 preceptum
600 1279 607 1286 .
618 1258 746 1297 Legimus
757 1257 832 1287 enirn
841 1256 912 1295 apud

115 1299 216 1327 Matrh.
231 1307 276 1329 26.
289 1299 432 1329 Christum
442 1301 599 1328 Dominum
613 1300 671 1337 post
683 1298 839 1327 orationem
849 1308 914 1326 con·

969 1177 1039 1205 mini
1052 1181 1061 1205 ἒ
1084 1175 1252 1214 Respondeo
1263 1195 1270 1207 ,
1293 1176 1414 1212 Joannes
1425 1184 1482 1202 non
1496 1183 1613 1201 noverat
1625 1172 1773 1202 Christum

969 1218 1003 1246 de
1016 1217 1099 1250 facie,
1123 1216 1169 1245 seu
1180 1215 1297 1245 naturali
1319 1215 1422 1246 mod05
1446 1212 1493 1244 sed
1512 1213 1666 1243 divinitus:
1690 1224 1773 1253 quam

972 1258 1118 1288 notionem
1136 1258 1227 1287 noluit
1238 1255 1411 1285 manifestare
1423 1277 1430 1289 ,
1452 1265 1487 1284 ne
1509 1254 1650 1284 videretur
1667 1265 1772 1295 cogna-

972 1299 1063 1332 tioni,
1087 1298 1289 1330 familiaritati,
1308 1297 1354 1326 vel
1364 1295 1469 1326 affectui
1489 1295 1753 1335 aliquidindulgere
1765 1316 1773 1323 .

118 1337 219 1368 ceffifl'e
228 1339 325 1379 saepius
338 1340 480 1378 Apostolis
492 1340 616 1379 requiem
628 1360 634 1366 .
654 1338 823 1377 Respondet>
832 1359 839 1366 .
851 1340 1000 1379 Seri-Cap.
1013 1352 1039 1369 2.
1050 1350 1076 1368 v.
1090 1351 1136 1369 20.
1160 1338 1370 1377 [Quadraginta
1382 1359 1390 1370 ,
1412 1335 1459 1366 sex
1470 1336 1549 1365 annis
1560 1337 1726 1366 aedificatum
1735 1336 1775 1365 est

116 1376 158 1407 sus
167 1380 205 1408 est
216 1391 264 1410 nos
277 1382 374 1409 debere
398 1380 606 1419 perseveranter
623 1390 701 1408 orare
715 1401 723 1412 ‚
743 1383 771 1408 ὅ(
784 1391 841 1409 non
850 1378 918 1408 defi-

118 1428 180 1447 cere
190 1429 284 1454 metu,
304 1420 536 1452 veltentatione,
554 1420 714 1448 auttozdio.
739 1421 916 1459 Itaqueillud

113 1460 218 1497 semper
230 1471 288 1489 non
298 1461 433 1500 fignificat
453 1461 585 1499 temporis
604 1460 844 1489 continuationem
858 1481 868 1497 ,
887 1472 916 1489 ut

117 1499 248 1530 volebant
259 1501 382 1531 haeretici
396 1500 518 1531 Euchira:
530 1513 537 1531 ς
549 1501 594 1530 sed
604 1502 786 1530 constantiam
799 1524 806 1535 ,
817 1507 844 1531 ὅ(
856 1512 915 1540 per-

116 1537 300 1571 severantiam
310 1565 317 1576 ‚
331 1552 360 1571 ut
371 1542 492 1580 explicat
503 1543 652 1575 Salmeron,
664 1553 730 1571 tom.
742 1554 768 1575 7.
780 1543 857 1571 traft.
870 1554 882 1581 3
895 1554 916 1571 ι.

117 1580 221 1611 Eodem
240 1583 325 1611 modo
341 1583 520 1622 explicandus
537 1583 575 1612 est
591 1584 661 1612 altei-
680 1593 772 1612 textus
783 1585 856 1613 Etcl.
873 1588 915 1613 ιε.

122 1622 215 1655 [Non
227 1624 389 1662 impediaris
401 1634 478 1652 orare
487 1623 594 1663 semper
605 1625 634 1655 .]
656 1626 730 1654 Item
740 1625 810 1653 alter
821 1624 915 1654 simili-

118 1670 159 1690 ter
170 1664 246 1692 Pauli
266 1665 297 1693 :ld
317 1663 472 1694 Thesshlon.
490 1675 550 1704 cap.
564 1675 587 1701 5.
609 1665 695 1701 [Sine
715 1664 918 1694 intermistione

118 1711 196 1732 orate
206 1706 234 1736 ε]
249 1705 314 1733 ficut
325 1706 408 1734 etiam
418 1715 607 1734 communiter
622 1707 714 1736 dicere
725 1705 850 1735 solemus:
864 1706 919 1735 Iste

116 1744 230 1784 juvenis
241 1743 348 1782 semper
366 1746 454 1775 studet
465 1768 472 1779 ,
490 1746 556 1775 idest
567 1746 659 1775 sedule
670 1769 678 1780 ‚
700 1751 727 1776 ὃ(
741 1747 900 1787 frequenter
910 1767 917 1774 .

80 1780 151 1812 lbld.
163 1795 189 1812 v.
203 1796 248 1821 35.
271 1786 366 1820 [Cum
377 1787 611 1825 appropinquaret
619 1787 733 1826 Jericho
743 1811 751 1822 ,
764 1798 849 1816 caecus
859 1787 918 1825 qui-

120 1825 183 1853 dam
192 1824 299 1854 sedebat
311 1824 384 1854 secus
396 1827 469 1855 viam
481 1848 487 1854 .
498 1829 510 1859 ]
522 1829 628 1857 Marcus
639 1838 705 1857 vero
718 1851 725 1861 ,
737 1840 760 1857 c.
776 1839 818 1857 10.
830 1839 857 1857 v.
870 1834 916 1862 46.

120 1867 174 1895 ait:
197 1871 209 1900 [
223 1865 418 1895 Proficiscente
435 1877 469 1896 eo
485 1868 519 1897 de
537 1867 649 1905 Jericho
661 1871 691 1900 .]
712 1869 790 1898 Idem
801 1869 917 1897 affirmat

121 1906 224 1935 Matth.
237 1917 294 1945 cip.
307 1918 352 1936 20.
373 1918 420 1946 qui
438 1907 549 1947 insuper
561 1908 638 1937 addit
650 1909 716 1938 duos
728 1909 802 1939 fuiss'e
813 1919 898 1938 caecos
910 1930 916 1936 .

119 1946 290 1986 Respondeo
302 1947 386 1986 igitur
395 1948 428 1977 ad
441 1947 586 1978 secundam
596 1949 801 1979 difficultatem.
815 1950 916 1979 &Mar-

120 1996 176 2020 cus,
187 1991 215 2017 ἃ
225 1988 250 2016 S.
263 1989 346 2017 Lucas
355 1999 441 2018 unum
450 1999 556 2019 tantum
569 1989 716 2019 nominant
725 2001 827 2020 caecum
839 1990 914 2029 prin-

120 2029 283 2066 cipaliorem
292 2050 300 2062 ,
319 2032 347 2059 ὁ(
359 2030 446 2069 magis
456 2039 555 2059 notum
564 2031 634 2070 apud
643 2031 716 2060 cives
731 2032 795 2060 illos
805 2053 813 2064 ,
836 2041 918 2070 quem

119 2069 146 2096 S.
158 2070 263 2097 Marcus
274 2078 354 2098 vocat
364 2071 667 2110 Bartimaeum,eratque
678 2073 828 2102 mendicus.
841 2073 918 2101 Duos

123 2117 216 2138 tamen
225 2119 254 2138 re
265 2119 328 2139 vera
340 2110 510 2141 illuminatos
522 2111 598 2141 fuiss'c
607 2123 692 2141 caecos
703 2123 717 2142 a
725 2113 842 2142 Christo
851 2112 914 2142 ass'e-

122 2152 158 2177 rit
169 2150 321 2193 S.August.
332 2151 406 2182 lib.2.
418 2153 452 2181 de
464 2151 551 2183 Cons.
562 2156 668 2192 Evang.
677 2164 734 2193 cap.
747 2161 794 2190 65.
807 2153 851 2183 Ad
863 2155 918 2192 pri-

121 2199 192 2233 mnm
201 2190 395 2221 difficultatem
406 2214 415 2226 ‚
438 2194 588 2227 nimirum,
610 2194 645 2223 de
664 2194 824 2224 diversitate
834 2194 918 2224 histo-

120 2240 168 2274 ria}
181 2232 259 2274 17uc2
269 2232 300 2261 al>
319 2233 438 2263 aliorum
458 2235 576 2264 duorum
596 2235 752 2264 narratione
765 2237 790 2265 S.
803 2236 916 2275 August.

118 2271 256 2300 existimat
267 2272 406 2303 diversum
417 2274 468 2305 effe
477 2286 578 2306 caecum
588 2299 596 2310 ‚
606 2276 640 2305 de
650 2286 708 2314 quo
716 2276 775 2316 agit
786 2277 812 2306 S.
825 2277 916 2310 Lucas,

972 1381 1107 1420 ternplum
1117 1380 1168 1409 hoc
1180 1401 1186 1408 .
1198 1383 1211 1412 ]
1237 1379 1319 1415 Quod
1331 1389 1388 1407 non
1400 1377 1490 1416 potest
1503 1377 1642 1406 verificari
1652 1377 1686 1406 de
1698 1378 1773 1406 Salo-

979 1431 1064 1450 mone
1076 1444 1083 1454 ,
1093 1421 1141 1460 qui
1153 1421 1182 1449 in
1193 1420 1376 1449 aedificatione
1387 1418 1484 1456 templi
1495 1416 1600 1456 sepoern
1619 1428 1704 1447 :innos-
1713 1427 1775 1446 cum

972 1462 1092 1491 dimidio
1102 1460 1248 1501 impendit.
1261 1471 1288 1498 3.
1300 1463 1372 1499 Reg.
1385 1466 1411 1489 6.
1421 1461 1522 1497 Neque
1533 1458 1567 1487 de
1579 1459 1775 1488 restauratione

974 1503 1039 1532 saeta
1052 1513 1100 1541 per
1109 1502 1309 1532 Zorobsbelem
1321 1523 1329 1534 ‚
1339 1501 1386 1539 qui
1399 1510 1488 1538 neque
1498 1508 1553 1528 tam
1565 1501 1655 1538 plures
1668 1500 1776 1539 impen-

974 1545 1015 1573 dit
1026 1555 1111 1572 minos
1123 1566 1129 1575 ,
1152 1543 1217 1572 licet
1235 1540 1340 1577 Chrys.
1361 1541 1433 1570 Beda
1446 1562 1453 1573 ‚
1477 1540 1606 1579 Theoph.
1627 1540 1776 1569 Euth.Eu-

973 1584 1046 1614 cher.
1062 1583 1236 1622 Jans-Tolet.
1249 1583 1335 1612 Mald.
1353 1583 1513 1611 existiment
1522 1580 1568 1609 hic
1579 1582 1656 1620 loqui
1667 1581 1701 1610 de
1724 1580 1776 1609 hac

973 1625 1085 1655 secund]
1107 1624 1298 1654 restam-:tione
1321 1623 1388 1652 festa
1411 1633 1460 1662 per
1481 1623 1678 1654 Zorobabelem
1700 1632 1775 1651 anno

973 1667 1064 1706 primo
1084 1665 1156 1701 Cyri
1177 1665 1247 1704 regis
1266 1663 1348 1703 usque
1368 1664 1401 1693 ad
1421 1672 1523 1692 annum
1543 1662 1650 1692 sextum
1671 1663 1752 1692 Drrri‘i
1762 1676 1772 1696 5

975 1708 1049 1746 qnod
1060 1706 1177 1745 spatium
1188 1716 1284 1744 putant
1297 1704 1372 1734 suiss'e
1384 1712 1430 1740 46.
1441 1703 1635 1733 annorum:sed
1646 1703 1691 1732 hic
1701 1713 1777 1732 com-

974 1758 1054 1786 putus
1073 1757 1192 1776 errorem
1213 1746 1340 1775 continet
1352 1766 1358 1772 .
1382 1747 1454 1774 Nam
1466 1746 1613 1783 Templum
1631 1743 1774 1773 instaurari

974 1789 1059 1827 toepit
1070 1799 1144 1817 anno
1163 1787 1252 1826 primo
1264 1786 1436 1815 Monarchiae
1450 1786 1526 1821 Cyri
1540 1797 1548 1816 ς
1572 1786 1646 1814 unde
1656 1785 1775 1824 quinde-

974 1830 1030 1858 cim
1041 1829 1106 1858 anni
1115 1827 1204 1857 solum
1214 1830 1317 1857 fluxere
1330 1849 1337 1860 ,
1360 1836 1389 1855 ut
1404 1827 1497 1865 probat
1510 1827 1626 1856 Cornel.
1638 1837 1650 1855 ει
1660 1828 1726 1864 Lep.
1745 1825 1776 1854 in

973 1870 1045 1898 hunc
1058 1870 1148 1898 locum
1160 1881 1166 1900 ς
1184 1869 1218 1898 de
1230 1879 1282 1908 qua
1290 1879 1357 1907 ergo
1368 1867 1552 1896 aedificatione
1562 1867 1687 1906 loquitur
1697 1867 1778 1896 Tex-

974 1922 1014 1939 tus
1027 1915 1035 1940 ἓ
1056 1908 1226 1948 Respondco
1238 1931 1245 1937 .
1269 1911 1403 1948 Loquitur
1413 1909 1447 1937 de
1467 1909 1563 1937 ultima
1584 1908 1780 1937 restauratione

973 1953 1037 1980 laeta
1049 1951 1080 1979 :ib
1092 1951 1206 1980 Herode
1220 1949 1378 1980 Ascalonita
1390 1971 1397 1983 ‚
1419 1949 1467 1988 qui
1477 1959 1505 1978 ut
1516 1959 1618 1978 nomen
1628 1947 1732 1978 Meffiae
1744 1947 1779 1978 fi-

974 1993 998 2021 bi
1011 1992 1184 2025 vindicaret,
1207 1991 1342 2030 templum
1362 1990 1520 2019 construere
1542 1989 1629 2029 coepit
1641 2000 1715 2019 anno
1728 1989 1778 2028 Ju-

975 2033 1040 2062 licini
1054 2043 1100 2065 27.
1118 2032 1194 2071 quod
1214 2031 1370 2070 complevit
1391 2041 1464 2059 anno
1479 2039 1522 2067 ις.
1544 2030 1665 2064 Tiberii,
1690 2030 1778 2059 nimi·

975 2083 1033 2102 rum
1046 2073 1148 2111 Juliani
1161 2084 1208 2111 73.
1220 2072 1294 2101 unde
1303 2072 1484 2111 quadraginta
1495 2093 1502 2105 ,
1522 2075 1550 2101 &
1560 2069 1606 2100 sex
1617 2070 1697 2100 annis
1707 2071 1776 2099 aedi-

975 2115 1086 2144 litatum
1097 2113 1147 2142 suit
1159 2136 1166 2147 ,
1189 2117 1217 2142 ὃς
1227 2114 1396 2151 completum
1405 2123 1480 2142 anno
1498 2111 1588 2150 primo
1600 2111 1777 2151 praedic2tio-

975 2155 1015 2183 nis
1027 2154 1135 2184 Christi
1148 2175 1154 2182 .
1177 2155 1221 2183 De
1231 2153 1280 2184 hac
1294 2154 1393 2192 templi
1414 2153 1607 2182 restauratione
1627 2152 1777 2190 aguntJo-

973 2195 1072 2234 sephus
1085 2217 1092 2227 ,
1104 2195 1150 2223 lib.
1167 2195 1308 2233 15.:intiq.
1319 2205 1342 2223 c.
1359 2205 1401 2230 ¹4-
1411 2198 1439 2224 ὅ(
1449 2194 1495 2223 lib.
1508 2205 1554 2223 ιο.
1566 2205 1588 2222 c.
1604 2197 1629 2221 8.
1647 2192 1776 2232 Sigonius

974 2237 1002 2265 in
1015 2235 1089 2264 notis
1099 2236 1131 2264 :id
1141 2236 1235 2273 Suppl.
1247 2234 1384 2264 Constan.
1404 2235 1531 2274 Phrygio
1541 2234 1571 2263 in
1581 2232 1692 2264 Chron.
1706 2235 1776 2265 Ger.

974 2279 1074 2306 Merca.
1085 2280 1113 2306 ὃς
1124 2277 1208 2305 Func.
1218 2275 1247 2304 in
1258 2275 1369 2306 Chron.

121 2321 185 2340 nam
193 2310 240 2340 hic
250 2313 280 2342 in
289 2313 409 2360 ingreflii
419 2315 527 2346 Christi
538 2317 572 2346 ad
581 2318 673 2347 urbem
684 2318 858 2347 illuminatus
866 2317 914 2346 est.-
932 2318 1003 2357 Cap.
1015 2328 1042 2356 3.
1055 2328 1081 2345 v.
1095 2321 1167 2352 22.[
1181 2319 1216 2346 Et
1227 2316 1286 2346 illic
1295 2317 1484 2346 demorabatur
1495 2325 1556 2344 cum
1566 2313 1604 2344 eis
1616 2337 1625 2348 ,
1647 2318 1675 2346 ὅ(
1685 2314 1774 2355 bapti-

117 2361 199 2391 quam
208 2350 374 2385 sententiam
383 2357 556 2397 amplectitur
564 2358 647 2388 etiam
656 2357 916 2399 Jansenius.Vemm
973 2358 1051 2388 zabat
1061 2379 1067 2386 .
1081 2360 1093 2391 ]
1118 2359 1157 2387 At
1167 2368 1192 2386 c.
1203 2369 1230 2393 4.
1242 2368 1270 2386 v.
1284 2370 1311 2387 2.
1320 2357 1490 2387 contrarium
1500 2356 1539 2386 ait
1551 2368 1557 2384 :
1579 2360 1592 2392 [
1604 2357 1693 2394 Quam
1714 2362 1779 2387 uam

119 2402 182 2431 cum
191 2403 287 2427 omnes
295 2397 584 2440 circumstantiae‚quas
594 2409 685 2432 narrat
697 2401 722 2431 S.
736 2400 819 2432 Lucas
828 2420 837 2435 ,
849 2409 915 2430 con-

971 2397 1116 2441 Jesusnon
1125 2398 1296 2440 baptizarem
1318 2396 1365 2428 sed
1385 2397 1514 2439 discipuli
1525 2399 1622 2436 ejus-1
1645 2399 1689 2469 ἧς
1703 2407 1776 2436 pon-

1681 2448 1733 2469 eo.
