1866 2526
474 42 596 87 AN

124 104 308 137 celebratione
318 101 432 142 ponitur
442 102 536 131 anulus
548 101 578 129 in
586 98 691 129 anulari
703 96 811 138 digito.
835 95 885 126 Cae
900 136 901 139 Ἰ

120 157 187 176 rem.
199 145 281 185 episc.
294 143 340 173 lib.
356 155 379 172 i.
389 154 446 182 cap.
457 154 484 176 7.
497 143 526 170 in
536 151 592 180 quo
604 140 696 180 digito
707 139 841 168 continuo
851 136 904 166 fer-

123 188 150 216 ri
159 185 373 222 invaluithodie
383 184 443 213 usus
453 204 460 212 .
483 183 577 222 Igitur
593 192 649 221 quo
660 181 693 210 ad
713 180 816 219 reliqua
828 176 903 215 anuli

121 228 288 266 iignificata5
313 232 324 261 [
336 225 446 255 l‘raelati
456 230 468 258 (
480 224 517 253 :iit
529 224 613 262 Hugo
625 233 639 250 a
650 223 675 250 S.
686 222 800 250 Victore
810 224 821 252 )
831 217 904 262 quasi

119 268 215 297 annuli
224 268 365 306 obsignare
377 265 500 295 studeant
518 264 614 293 fideles
636 263 756 300 imagine
775 259 883 290 Christi
894 268 902 287 ς

121 319 184 337 nam
206 308 327 347 requiret
348 305 402 345 ipse
424 306 563 335 Dominus
585 303 688 332 animas
706 302 741 330 de
759 311 840 329 manu
857 310 905 327 eo-

74 368 77 371 ·
122 359 181 378 rum
193 369 200 377 .
223 352 236 381 ]
261 353 295 378 Et
308 349 394 387 Hugo
405 347 490 377 Catd.
516 351 527 380 [
539 345 626 374 Unde
636 343 765 372 Praelatus
774 342 854 370 debet
863 339 902 368 cs-

121 388 150 419 se
158 390 274 419 annulus
294 389 361 419 alios
381 388 514 427 signando
535 385 664 423 exemplo
685 383 735 412 suo
743 403 752 415 ,
773 385 801 410 <Sc
823 381 902 425 del-iet

121 430 174 460 ess‘c
194 430 328 459 rotundus
356 438 469 467 propter
498 434 664 456 aeternorum
690 423 902 460 contemplatio-

122 481 187 500 nem
199 474 230 502 .]
255 474 295 500 At
303 469 365 498 sane
379 468 583 508 ponderatione
593 467 686 505 digna.-
708 462 771 492 sunt
789 461 902 501 profun-

120 510 236 540 diffimae
249 511 463 550 significationes
476 509 532 537 illae
552 507 647 539 anuli,
671 514 735 543 quas
754 504 902 531 Innocent.

121 554 180 581 111.
192 552 276 581 refert
287 562 316 580 in
326 550 445 586 ejusdem
455 549 530 578 anuli
542 547 694 577 traditione
706 544 820 573 Fulconi
829 544 903 572 Cor-

121 593 206 622 biensi
219 592 336 624 Abbati,
357 593 400 620 cui
411 591 444 620 fic
453 589 547 619 scribit
559 599 565 615 :
591 594 603 623 [
616 590 696 617 Inter
704 594 817 617 caeteros
826 594 901 612 orna.

121 643 164 662 tus
175 633 297 662 Praelatis
309 633 485 662 Eccleliarum
496 628 658 658 conceditur
674 625 768 656 anulus
780 647 787 658 ,
807 624 854 663 qui
864 624 902 652 est

119 674 286 712 signaculum
295 672 445 708 fideijum
455 671 530 711 quod
539 679 616 708 pater
626 668 686 698 filio
697 665 849 696 revertenti
858 665 904 693 da-

121 725 152 742 re
161 715 292 743 annulum
304 713 332 742 in
342 723 423 741 manu
433 711 565 750 praecepit
576 732 584 743 ‚
607 719 636 738 ut
647 730 655 742 ‚
678 708 809 737 videlicet
822 727 830 739 ,
853 709 903 735 Ec-

120 755 228 784 cleliam
247 754 293 782 fibi
313 752 480 782 commissam
499 752 629 781 Praelatus
642 749 720 788 iplius
741 749 902 776 intemerata

122 794 176 823 fide
187 795 319 823 custodia:
331 815 339 826 ‚
363 794 396 823 :td
406 804 486 833 quam
498 792 617 821 fideliter
635 789 833 819 observandam
855 797 902 825 per

120 835 254 863 visibilem
265 833 382 872 speciem
393 835 496 874 jugiter
504 834 668 862 admonetur
677 852 684 859 .
706 833 717 862 ]
742 829 902 865 Symbolum

118 875 157 904 cst
177 875 290 903 ulterius
309 876 404 904 anulus
425 875 533 903 militise
545 895 554 908 ,
574 872 703 901 libertatis
715 892 723 903 ,
747 866 902 908 Potesta‘ls·

119 926 174 954 que
185 937 193 949 ‚
216 917 262 954 qui
274 918 356 944 etiam
366 917 396 945 in
407 914 617 945 consecratione
629 913 780 951 Virginum
791 933 798 944 ‚
820 911 901 938 bene-

118 957 205 985 die'tus
216 957 254 985 eis
262 957 441 986 conceditur.
463 954 568 986 Pontis.
581 953 706 992 Ep'iscop.
730 955 822 991 Atque
845 951 901 979 Ab·

121 997 221 1025 batibus
232 999 342 1035 quando
354 998 550 1026 benedicuntur
563 1017 570 1028 ‚
594 995 694 1023 Galliae
706 997 780 1031 Regi
791 992 901 1031 quando

121 1046 234 1075 ungitur
256 1047 270 1065 a
281 1038 429 1066 Rhemenfi
442 1037 577 1074 Episcopo
587 1035 702 1063 traditur
714 1045 721 1065 5
743 1034 810 1061 item
819 1031 902 1069 spon—

122 1077 154 1105 iis
166 1086 197 1104 in
207 1079 403 1112 conjunstionc
416 1074 626 1106 matrimonialis
639 1073 822 1105 sacramenti,
833 1083 861 1101 ac
873 1073 900 1100 in

122 1117 225 1145 anulari
237 1117 348 1146 linistrae
359 1128 452 1147 manus
471 1118 585 1156 ponitur
595 1137 602 1144 .
624 1126 682 1144 can.
693 1115 814 1143 foeminae
824 1134 831 1142 .
854 1125 900 1152 30.

121 1157 216 1195 quaest.
230 1167 254 1193 ς.
277 1158 322 1187 U't
332 1169 396 1196 erga
404 1157 534 1196 sponsum
556 1157 736 1185 admoneatur
752 1154 851 1193 sponsa
861 1153 901 1183 af-

122 1198 221 1226 seftum
232 1198 321 1226 cordis
329 1198 455 1236 praestare
465 1220 473 1231 ,
495 1197 627 1237 siquidem
639 1195 669 1224 in
680 1207 714 1225 eo
732 1195 837 1224 :iiiulari
858 1195 899 1223 di-

119 1238 183 1276 gito
194 1239 291 1266 venula
302 1239 424 1276 quedam
435 1248 513 1268 extat
526 1261 533 1271 ,
556 1248 615 1276 quae
626 1237 702 1266 cordi
713 1236 900 1266 contermina-

122 1287 166 1306 tur
177 1297 185 1305 .
210 1284 220 1313 [
232 1279 320 1307 Unde
329 1283 356 1308 ὃς
365 1289 465 1319 quarto
476 1280 571 1309 anulus
581 1278 654 1306 idem
665 1277 795 1307 inseritur
807 1300 815 1310 ‚
826 1278 900 1316 quod

120 1319 152 1347 in
159 1328 194 1346 co
203 1329 273 1347 vena
283 1319 408 1358 quaedam
419 1342 428 1354 ‚
451 1330 480 1349 ut
491 1321 575 1349 fertur
585 1341 593 1353 ‚
603 1319 743 1359 sanguinis
754 1319 787 1347 ad
796 1329 844 1347 cor
855 1317 900 1346 us-

118 1369 171 1398 que
183 1362 327 1396 perveniat
337 1381 344 1388 .
368 1361 432 1390 Ifid.
452 1362 498 1390 lib.
511 1373 536 1391 2.
549 1361 582 1389 dc
601 1359 659 1390 Off.
671 1370 729 1398 cap.
746 1363 814 1396 19.]
839 1360 901 1388 Do-

120 1401 226 1428 &orum
239 1401 332 1430 anulus
340 1399 413 1430 sacer
422 1413 479 1431 non
491 1401 528 1430 est
541 1424 549 1435 ‚
571 1401 765 1430 bencdictione
776 1401 849 1428 enim
859 1412 901 1429 ca-

120 1450 162 1469 ret
171 1461 178 1468 .
200 1442 334 1471 Annulus
343 1444 487 1480 piscatoris
509 1443 546 1471 est
557 1464 564 1475 ,
587 1453 643 1481 quo
653 1444 795 1471 Romanus
805 1442 902 1469 Ponti-

122 1480 166 1508 fex
176 1481 206 1509 in
216 1492 275 1510 cera
287 1483 362 1511 rubra
374 1484 466 1512 brevia
476 1484 564 1522 ligint
574 1505 581 1516 ,
605 1484 643 1511 ita
655 1490 765 1511 vocatus
784 1493 798 1510 a
817 1482 903 1521 figura

121 1521 160 1548 D.
170 1522 243 1548 Petri
254 1532 284 1549 in
296 1524 355 1551 aetu
365 1523 524 1561 piscationis
536 1545 545 1558 ‚
568 1527 596 1552 ὅ(
613 1523 652 1552 cst
669 1532 755 1550 unum
773 1533 807 1551 ex
819 1523 902 1551 tribus

121 1562 200 1598 Papa:
211 1561 305 1599 figulis
316 1582 323 1589 .
343 1564 429 1592 Ahud
440 1566 524 1593 Bulla
534 1564 634 1593 dicitur
645 1586 653 1596 ‚
672 1572 728 1601 quo
746 1563 776 1590 in
785 1564 904 1592 Cancel-

123 1601 188 1628 λιιι-ια
210 1601 371 1638 Aposto'ssic„Y
388 1605 520 1642 plumbeae
534 1605 620 1634 Bullae
639 1604 779 1641 signantur
792 1615 799 1635 5
822 1603 902 1633 habet

121 1651 156 1683 ex
167 1651 219 1668 una
230 1652 306 1679 parte
318 1645 457 1672 airborum
469 1646 667 1683 Apostolorum
676 1645 766 1682 capita
777 1665 786 1677 ‚
808 1645 903 1683 quibus

123 1682 284 1725 interpoiliia
293 1684 330 1711 est
341 1686 417 1713 Crux
429 1696 438 1716 5
461 1695 494 1716 ex
513 1686 597 1714 altera
609 1696 677 1713 vero
694 1695 770 1723 parte
790 1686 902 1723 ponitur

119 1730 262 1760 regnantis
272 1725 415 1753 Pontificis
426 1736 529 1754 nomen
540 1747 547 1754 .
569 1726 693 1755 Tertium
706 1726 824 1764 sigillum
833 1727 902 1755 dici-

125 1766 293 1806 tur-Signum
304 1786 311 1796 ,
335 1765 363 1792 in
374 1776 429 1804 quo
439 1763 527 1804 aliqua
539 1768 625 1795 Sacrae
637 1767 781 1805 Scriptum
792 1765 902 1795 senten-

124 1811 164 1845 tia
172 1804 305 1832 inciditur
315 1825 322 1832 .
347 1807 420 1835 Vide
438 1807 539 1835 Bulla.
561 1806 726 1836 Prohibetur
737 1809 903 1836 Protonota-

124 1851 171 1869 riis
188 1853 246 1871 non
265 1846 485 1884 participantibus
496 1869 504 1880 ‚
534 1852 562 1876 ὅ(
583 1849 749 1876 Doctorum>
769 1849 904 1878 celebrare

126 1891 188 1910 cum
201 1885 282 1913 anulo
291 1905 299 1913 .
321 1888 378 1915 Sac.
388 1889 563 1927 Congregat·
572 1889 633 1918 Rit.
661 1900 668 1917 l
682 1900 703 1916 i.
727 1890 801 1917 febr.
819 1896 902 1928 ¹⁶23·

124 1924 198 1952 Item
208 1928 236 1952 δι
244 1925 453 1957 Cathedrali'um
464 1929 616 1958 Canonicis
627 1950 634 1961 ,
656 1929 751 1957 eadem
761 1932 904 1969 Congreg.

129 1974 173 2007 ιφ.
186 1965 338 1995 Novembr.
354 1976 406 1997 162
414 1974 438 1997 8.
449 1968 495 1997 sub
505 1980 560 2008 quo
580 1970 692 1997 nomine
705 1971 905 2009 intelliguntur

126 2013 209 2048 etiam
222 2006 416 2051 *canoni—cales
438 2010 598 2048 Dignitatcs
610 2031 616 2037 .
639 2013 760 2039 Gavant.
783 2021 853 2049 part.
878 2023 903 2040 7.-

124 2054 170 2089 tilt.
187 2056 208 2089 ¹?
220 2055 251 2073 in
262 2047 372 2076 Rubric.
382 2049 452 2078 Mifll
466 2052 522 2079 FR-
542 2054 627 2080 Penes
637 2051 769 2080 Ethnicos
779 2053 904 2080 omnibus

124 2086 305 2157 ἓςηὲῑειῑώυς
315 2088 467 2126 prohibitus
477 2101 534 2119 erat
542 2112 551 2119 .
573 2092 644 2120 Inde
665 2093 766 2121 cecinit
786 2105 812 2129 4.
836 2092 904 2121 Fast.

159 2137 187 2156 vi
209 2147 216 2154 .

165 2169 273 2197 Anulus
282 2168 313 2196 in
324 2169 438 2208 digitis,
459 2172 550 2200 nullus
568 2172 597 2200 in
607 2172 686 2201 sacris
696 2193 703 2200 .
727 2174 764 2207 :112
786 2173 905 2209 Quando

125 2208 256 2238 Pontifex
265 2210 311 2238 dat
323 2219 400 2238 novo
409 2212 553 2246 Cardinali
563 2213 674 2242 titulum
686 2235 694 2247 ,
707 2214 787 2252 ponit
799 2215 825 2242 ei
838 2224 904 2243 :inu-

126 2248 184 2276 lum
193 2248 324 2292 sapphiro
333 2261 499 2289 gemmatum
510 2274 519 2285 ,
541 2263 592 2291 pro
603 2265 658 2293 quo
669 2264 822 2293 quingenta
832 2254 905 2283 scuta

125 2287 211 2332 soli'it
221 2312 230 2324 ‚
252 2301 312 2330 quae
323 2302 337 2319 a
349 2291 490 2331 Gregorio
499 2295 581 2322 XIII.
599 2294 730 2334 aflignata
751 2294 824 2323 suere
835 2296 906 2324 Col-

125 2329 201 2367 legio
212 2332 379 2360 Germanico
396 2333 430 2361 de
442 2333 520 2368 Urbe
531 2354 539 2366 ,
562 2336 652 2372 postea
672 2345 739 2364 vero
748 2345 761 2363 a
780 2335 860 2364 Sixto
870 2338 906 2365 V.

125 2371 256 2414 derogata
267 2395 276 2408 ,
299 2373 412 2404 tandem
429 2373 655 2415 congregationi
677 2376 711 2406 de
728 2377 906 2416 Propaganda

956 94 1013 128 fide
1029 99 1078 136 per
1095 92 1240 134 specialem
1262 90 1511 131 BullamGregorii
1529 92 1591 119 XV.
1611 93 1746 131 applicata

956 139 1020 168 sunt
1029 158 1036 166 .
1058 140 1115 167 FR.
1127 136 1252 164 Annulus
1263 144 1318 162 non
1331 143 1471 172 nunquam
1481 131 1588 160 fibulam
1599 132 1745 171 fignificat,

959 180 994 209 fic
1005 175 1189 217 intelligenda
1199 196 1207 208 ,
1229 175 1267 203 ait
1279 175 1409 203 Batonius
1421 195 1428 207 ‚
1454 172 1533 202 verba
1541 171 1619 210 epist.
1629 173 1744 210 Jozinn'is

959 230 1018 259 cap.
1030 232 1056 249 2.
1066 217 1178 255 aientis:
1193 216 1234 250 [Si
1249 215 1391 244 introierit
1404 215 1612 247 inconventum
1626 214 1746 242 vestrum

959 262 1002 290 vit
1013 270 1122 289 aureum
1133 257 1244 286 anulum
1254 255 1353 285 habens
1365 256 1393 285 iu
1404 255 1477 283 veste
1487 254 1604 283 candida
1613 275 1619 281 .
1643 255 1744 282 Baron.

958 302 993 331 ad
1001 312 1064 331 ann.
1076 312 1122 339 34.
1134 302 1148 331 ]
1169 302 1233 327 Erit
1251 307 1320 336 ergo
1333 295 1436 326 Ansula
1448 317 1455 328 ,
1478 305 1530 334 qua
1552 294 1744 324 iiifibulabrttur

959 342 1075 372 candida
1088 340 1188 371 vestis,
1209 338 1374 376 adducitque
1385 347 1434 375 pro
1452 335 1479 365 se
1488 335 1648 366 cardinalis
1664 333 1743 374 Jose-

959 383 1008 423 phi
1025 383 1100 412 hebr.
1119 382 1211 410 locum
1223 400 1231 412 ‚
1253 378 1364 407 ubiaitr
1391 377 1489 412 [Misit
1499 377 1525 405 ei
1545 376 1656 405 virtutis
1675 385 1744 414 crgo

957 424 1066 453 fibulam
1075 431 1182 452 auream
1194 442 1202 453 ‚
1225 419 1300 459 quod
1309 419 1448 459 gestamen
1467 416 1532 446 solis
1551 417 1677 457 cognatis
1686 420 1743 446 Re-

957 466 999 503 gis
1007 463 1220 493 concedebatur.
1242 460 1290 489 lib.
1307 459 1448 498 13.antiq.
1469 469 1527 498 cap.
1545 463 1570 487 8.
1594 461 1606 490 ]
1627 458 1684 488 Cui
1696 458 1743 486 ad-

957 507 1051 535 derem
1063 503 1181 542 Virgilii
1193 500 1300 531 versum
1315 511 1338 528 i.
1348 500 1470 530 AEueid.

998 550 1088 576 Aurea
1098 552 1260 584 purpuream
1268 541 1402 570 subnectit
1422 540 1504 569 fibula
1522 539 1642 570 vestem*-

957 586 1037 615 Idem
1057 585 1238 615 confirmatur
1255 594 1288 611 ex
1300 582 1392 621 primo
1403 580 1525 612 Machab.
1541 592 1564 610 c.
1581 593 1624 610 io.
1634 581 1678 610 ubi
1695 580 1744 608 ha-

957 628 1036 656 betur
1045 633 1068 662 :[
1081 631 1115 656 Et
1127 626 1200 654 misit
1210 624 1236 653 ei
1249 624 1359 653 fibulam
1378 633 1487 652 auream
1496 644 1505 656 ‚
1517 623 1582 652 ficut
1593 620 1743 651 consuetu-

957 669 994 697 do
1007 668 1044 697 est
1053 668 1112 697 dari
1120 666 1244 705 cognatis
1254 667 1366 703 Regum
1374 686 1380 692 .
1404 667 1416 697 ]
1431 663 1487 693 Hic
1498 663 1581 692 etiam
1592 663 1681 692 obiter
1691 673 1742 691 no,

958 709 1072 738 tandum
1082 731 1090 742 ‚
1113 716 1211 736 vocem
1221 706 1352 735 Candida
1363 706 1394 734 in
1402 707 1503 744 Joaenn.
1514 704 1594 742 epist.
1603 703 1682 742 supra
1693 704 1742 732 cit.

957 761 1016 780 non
1026 749 1178 789 significare
1190 747 1278 775 album
1287 745 1408 775 colorem
1419 767 1427 778 ,
1449 746 1496 774 sed
1507 744 1741 783 resplendentem,

957 790 1021 819 ideo
1030 801 1119 829 graeca
1130 788 1214 817 lectio
1223 786 1304 816 habet
1316 779 1455 825 λαμπρᾶς
1464 807 1471 813 .
1482 789 1516 814 Et
1528 785 1614 813 latine
1624 791 1742 814 Ferrum

957 833 1076 860 candens
1087 853 1095 864 ,
1116 829 1187 860 idest
1198 851 1205 861 ,
1228 828 1350 867 ignitum
1362 849 1370 860 ‚
1392 831 1420 856 δι
1441 825 1635 865 i‘cspleudens5
1669 825 1742 854 unde

958 873 1129 901 Candidatus
1148 868 1358 909 proillustribus
1376 867 1511 900 dicimus,
1535 866 1741 895 &Candidum

956 915 1038 950 vestis
1050 912 1143 952 ignei,
1156 915 1184 940 ὃ(
1196 909 1325 949 purpurei
1336 909 1438 937 coloris
1448 930 1456 942 ‚
1476 919 1505 936 ut
1513 906 1592 946 supra
1603 907 1742 945 Virgilius

955 953 1155 993 intelligendus
1173 951 1265 991 potius
1284 950 1323 980 est
1334 970 1343 984 ‚
1366 953 1393 978 &
1411 949 1483 978 clare
1501 947 1633 978 Horatius
1653 948 1701 977 lib.
1714 959 1740 977 2.

954 993 1003 1024 sat.
1023 1002 1049 1024 6.
1474 999 1483 1007 ·

996 1049 1209 1057 ----·--
1232 1035 1314 1063 rubro
1324 1034 1369 1063 ubi
1380 1043 1463 1063 cocco

992 1074 1090 1106 Tinsta
1099 1072 1178 1111 supet
1190 1075 1271 1103 leftos
1283 1075 1411 1103 canderet
1423 1073 1505 1103 vestis
1515 1072 1631 1101 eburnos
1642 1091 1649 1100 .

953 1115 1206 1151 Annulnsfideiest
1216 1115 1409 1153 sponsalitius:
1435 1121 1447 1150 [
1461 1119 1494 1144 Et
1511 1113 1655 1152 postquam
1673 1111 1743 1141 arris

952 1154 1080 1195 sponsam
1090 1154 1136 1182 fibi
1149 1151 1261 1192 sponsus
1272 1166 1320 1194 per
1330 1155 1452 1194 digitum
1471 1153 1535 1183 fidei
1545 1154 1647 1182 annulo
1675 1153 1741 1182 infi-

953 1198 1059 1236 gnitam
1069 1193 1258 1232 desponderit.
1272 1208 1318 1234 30.
1331 1196 1425 1234 quaest.
1439 1205 1463 1230 5.
1474 1205 1534 1223 can.
1552 1194 1684 1223 nostrates
1695 1215 1703 1223 .
1726 1196 1740 1226 ]

953 1238 1011 1267 Ubi
1020 1236 1221 1266 advertendum
1230 1237 1267 1266 est
1279 1235 1402 1266 Gloll'am
1412 1246 1460 1274 per
1471 1245 1567 1265 vocem
1575 1239 1742 1274 Ligaturam

955 1277 1115 1316 intelligere
1125 1278 1236 1306 anulum
1250 1289 1257 1309 ς
1280 1277 1327 1306 scd
1338 1278 1432 1306 anulus
1446 1287 1503 1307 non
1514 1275 1629 1314 ponitur
1648 1276 1678 1305 in
1698 1286 1743 1304 ca-

954 1320 1012 1358 pite
1022 1341 1030 1353 ,
1041 1328 1071 1346 ut
1081 1319 1117 1347 ibi
1127 1317 1247 1357 cxprell'e
1258 1339 1264 1346 .
1287 1324 1299 1353 [
1312 1318 1455 1348 Nostrates
1466 1327 1522 1346 tam
1534 1327 1619 1346 mares
1629 1338 1638 1350 ‚
1661 1327 1743 1356 quam

955 1360 1076 1389 soeminae
1089 1370 1147 1387 non
1156 1360 1302 1399 ligaturam
1311 1369 1419 1388 auream
1429 1381 1436 1393 ,
1447 1358 1494 1387 vel
1505 1368 1664 1397 argenteam
1676 1379 1684 1390 ,
1696 1367 1743 1386 aut

955 1411 988 1429 ex
1000 1400 1125 1440 quolibet
1143 1401 1257 1429 metallo
1275 1400 1456 1438 cornpolitam
1474 1399 1503 1427 in
1513 1399 1646 1437 capitibus
1666 1397 1743 1427 defe-

955 1453 1019 1471 runt
1030 1464 1038 1475 ,
1060 1440 1107 1469 sed
1118 1441 1176 1479 post
1186 1440 1320 1479 sponsalia
1330 1461 1336 1468 .
1360 1443 1372 1472 ]
1399 1443 1467 1470 Haec
1477 1440 1564 1479 igitur
1574 1440 1693 1478 ligatum
1703 1439 1744 1468 est

958 1483 1029 1511 vitta
1041 1503 1049 1515 ‚
1072 1482 1106 1510 de
1117 1482 1210 1521 quain
1221 1493 1280 1511 can.
1293 1482 1417 1511 foeminx
1437 1481 1556 1518 ejusdem
1574 1480 1669 1519 quaest.
1679 1490 1742 1518 quae

957 1524 1108 1554 Anatim-na
1120 1544 1126 1555 ‚
1149 1523 1311 1556 Vmculum,
1334 1527 1411 1552 Vitta
1422 1544 1430 1556 ,
1453 1524 1633 1553 semimitra,
1659 1522 1743 1551 Redi-

957 1565 1093 1593 miculam
1110 1564 1198 1593 latine
1209 1585 1216 1597 ‚
1239 1573 1328 1603 graece
1338 1560 1436 1600 Μῖτρα
1446 1562 1548 1591 dicitur
1559 1583 1566 1589 .
1589 1561 1664 1590 Vide
1685 1564 1743 1589 Mi-

959 1615 1006 1634 ινα
1016 1605 1046 1634 in
1056 1604 1210 1643 significatu
1221 1604 1361 1643 ligaminis
1371 1623 1378 1630 .
1400 1605 1473 1632 Item
1493 1602 1630 1630 dicebatur
1641 1605 1743 1630 Crocu-

954 1647 1122 1684 phantium,
1142 1645 1395 1682 Anaclypterium,
1418 1654 1478 1682 quae
1499 1641 1688 1671 inserviebant
1705 1642 1742 1672 ad

956 1685 1163 1715 sustentandum
1175 1682 1268 1713 velu'm
1279 1682 1404 1723 sponsale
1415 1705 1422 1717 ‚
1445 1684 1479 1713 de
1500 1693 1555 1722 quo
1575 1683 1605 1711 in
1625 1683 1674 1711 cit.
1685 1694 1745 1711 can.

958 1727 1120 1759 Nostrates,
1143 1726 1197 1755 ait.
1224 1732 1235 1761 [
1254 1726 1352 1763 Sicque
1370 1724 1480 1753 demum
1500 1724 1743 1757 benedictionem,

958 1771 986 1797 ὃ(
999 1768 1125 1796 velamen
1136 1766 1246 1794 coelcste
1256 1764 1406 1804 suscipiant
1417 1785 1424 1793 .
1448 1767 1460 1796 ]
1485 1765 1557 1801 Quia
1572 1764 1743 1803 deponendo

958 1808 1085 1837 terrestre
1104 1807 1197 1838 velum
1215 1805 1312 1845 sponsa
1333 1806 1482 1844 recipiebat
1510 1803 1745 1833 sacramentaliter

959 1849 1106 1884 mysticum
1118 1869 1126 1880 ,
1148 1852 1175 1876 ὅ(
1185 1847 1295 1876 coeleste
1306 1848 1397 1876 velum
1410 1869 1418 1880 ‚
1439 1856 1498 1885 quae
1510 1845 1676 1875 caercmonia
1694 1845 1743 1874 ha-

958 1891 1038 1919 betur
1055 1890 1085 1917 in
1103 1887 1276 1927 subsequenti
1294 1898 1399 1916 canone
1421 1888 1473 1916 ibi:
1499 1887 1573 1924 quod
1585 1908 1593 1920 ,
1615 1886 1722 1915 scilicet
1735 1908 1742 1919 ,

958 1930 1099 1960 materiale
1109 1930 1202 1957 velum
1210 1927 1316 1967 sponsae
1329 1939 1342 1956 a
1354 1928 1508 1966 parentibus
1519 1949 1526 1960 ‚
1537 1928 1586 1956 vel
1597 1937 1745 1966 paranym-

961 1971 1023 2011 phis
1032 1971 1057 1998 ei
1068 1969 1237 1999 auferebatur
1246 1980 1279 1997 ex
1291 1979 1380 2006 capite
1391 1989 1397 1995 .
1422 1968 1514 2007 Igitur
1531 1968 1655 2007 ligamen.
1673 1968 1744 1997 illud

961 2012 1059 2049 Cupha
1070 2011 1182 2039 Hebraei
1193 2019 1308 2043 vocant,
1331 2018 1358 2037 iii
1371 2009 1443 2038 Elias
1454 2008 1552 2037 Thesb.
1573 2009 1603 2038 in
1613 2008 1701 2038 Ruth.
1714 2019 1744 2046 ς.

960 2057 987 2082 ὅ(
998 2054 1121 2087 Lyranus
1131 2050 1233 2080 ibidem
1244 2050 1383 2087 explicant
1393 2070 1400 2077 .
1423 2049 1496 2078 Vide
1515 2051 1610 2078 Franc.
1632 2049 1744 2078 Baldui-

969 2103 1038 2122 num
1056 2092 1103 2120 lib.
1119 2099 1146 2121 6.
1168 2092 1269 2130 Optati
1281 2090 1380 2118 Milev.
1393 2092 1487 2129 Atque
1498 2089 1564 2119 inde
1585 2090 1690 2129 nuptiae
1702 2091 1745 2118 di-

959 2135 1009 2163 Ctae
1019 2131 1100 2165 sunt,
1122 2142 1152 2161 ut
1163 2131 1276 2160 liabetur
1286 2141 1332 2168 30.
1353 2131 1446 2169 quaest.
1461 2140 1486 2166 5.
1507 2141 1567 2159 can.
1588 2141 1638 2159 nec
1655 2131 1742 2159 illud:

959 2174 1003 2203 ubi
1014 2173 1048 2202 sic
1058 2173 1171 2201 habetur
1182 2193 1189 2200 .
1214 2177 1226 2207 [
1241 2172 1311 2200 Inde
1321 2181 1396 2200 enim
1408 2176 1435 2201 δ(
1445 2171 1548 2210 nuptiae
1560 2172 1641 2200 distae
1662 2170 1727 2200 sunt
1737 2193 1747 2205 ,

961 2215 1035 2254 quod
1046 2214 1157 2253 pudoris
1167 2213 1256 2252 gratia
1266 2210 1294 2240 se
1305 2212 1403 2250 puellae
1424 2212 1595 2241 obnuberent
1604 2232 1611 2240 .
1633 2214 1646 2243 ]
1671 2212 1746 2241 Vide

961 2255 1143 2284 Mavorresin
1161 2253 1412 2290 di&.Maphorium
1424 2273 1432 2280 .
1455 2254 1584 2282 Annulus
1602 2263 1670 2292 ergo
1688 2262 1746 2280 tam

962 2295 993 2324 in
1001 2293 1169 2334 sponsalibus
1181 2315 1189 2327 ‚
1211 2303 1293 2332 quam
1302 2293 1332 2322 in
1341 2293 1474 2330 conjuzio
1483 2294 1554 2323 clare
1572 2304 1587 2322 a
1608 2294 1678 2322 vitta
1696 2291 1744 2321 seu

962 2336 1094 2374 ligamine
1112 2334 1292 2373 distinguitur
1320 2334 1350 2363 in
1371 2335 1424 2363 dic.
1443 2344 1503 2362 can.
1530 2333 1652 2362 foeminae
1664 2353 1672 2360 .
1695 2343 1746 2371 30.

961 2376 1054 2416 quest.
1069 2385 1095 2414 5.
1116 2376 1292 2413 :11:Annulus
1300 2376 1384 2406 etiam
1394 2375 1560 2416 1mperatori
1578 2373 1695 2405 traditur
1713 2374 1745 2405 in

1647 2423 1706 2452 ejus
