1866 2526
477 17 596 61 NE

123 80 214 109 nullus
224 89 258 108 ex
267 74 405 118 dignitate
414 75 549 105 mundana
565 75 599 104 ad
619 74 811 105 Pontificalem
830 73 920 104 hono-

1319 17 1369 62 N
1399 20 1420 60 Ι
1642 31 1729 73 4552

975 76 1070 114 Agon.
1084 73 1157 106 unde
1166 80 1309 114 Neptunus
1322 76 1466 114 Enqfi'gms
1476 96 1485 109 ,
1504 85 1537 105 ex
1549 85 1583 106 eo
1601 78 1664 117 quia
1673 83 1775 107 terrem

122 131 180 151 rem
188 116 371 150 ascendaesed
381 127 414 146 ex
424 115 588 156 presbyteris
598 116 790 146 cardinalibus
800 115 921 160 ejusdem
975 114 1074 154 quassat
1085 139 1092 151 ‚
1103 119 1131 145 ὅ(
1141 116 1266 160 concutit
1277 139 1285 150 ‚
1295 117 1383 146 dietus
1393 117 1445 147 fuit
1455 137 1463 145 .
1639 157 1646 162 ἱ
1674 158 1680 163 .

123 159 248 191 Ecclefiae
260 180 268 191 ,
278 159 324 188 vel
333 168 366 186 ex
377 156 545 186 Diaconibus
554 178 563 190 ,
583 166 627 185 aut
645 167 679 185 ex
699 156 761 187 aliis
769 156 923 186 Sacerdoti·
935 157 1051 192 Nescio
1062 160 1123 187 Vos
1134 177 1142 185 .
1153 158 1211 187 FR.
1224 157 1310 194 idest,
1333 169 1391 187 non
1401 157 1524 197 approbo
1533 177 1540 186 .
1560 157 1653 187 Glossa
1672 168 1704 187 in
1712 169 1775 190 ean,

120 200 229 239 bus‚qui
239 198 286 228 sub
298 197 413 227 Ecclesia
423 198 450 227 C
451 197 736 241 onstnntinopolitana
745 198 921 242 consistuntss

122 240 346 270 ubiDiaconibus
366 238 582 277 intelligendum
601 237 640 266 est
657 238 692 268 de
709 238 903 267 cardinalibus
914 259 921 270 ‚

975 198 1129 228 confidem
1143 219 1150 231 ,
1160 198 1194 226 de
1204 199 1307 236 poenit.
1316 199 1380 228 dist.
1394 208 1418 235 5.
1430 200 1505 228 Item
1512 207 1674 227 contemno.
1687 198 1771 228 Glos-

976 234 1004 267 ss
1015 238 1042 267 in
1052 250 1110 268 can.
1122 238 1171 268 hac
1181 237 1302 268 consona
1312 261 1320 274 ‚
1338 249 1384 274 25·
1395 240 1488 278 quaest.
1504 250 1526 268 i.

122 281 184 320 quia
202 281 234 308 in
249 279 348 308 ordine
367 288 573 316 anteponuntur
590 278 637 307 hic
655 279 716 307 aliis
735 279 923 308 Sacerdotibus
937 278 1130 309 stroitinui
1143 300 1150 307 .
1163 281 1218 309 FR.
1231 280 1385 310 Haeretici:
1402 286 1414 315 [
1427 284 1452 310 Α
1463 280 1596 310 Nestorio
1607 280 1770 311 Constanti-

122 333 179 350 non
189 320 381 351 Cardinalibus
391 341 398 348 .
410 320 454 348 Dc
465 318 508 347 his
528 320 558 347 in
568 319 643 348 rebus
652 318 836 348 ecclesiasticis
845 329 922 355 tyro-

120 362 199 391 nibus
210 362 330 399 loquitur
340 371 399 388 can.
411 359 553 388 statuimus
562 381 570 392 ,
579 359 641 388 dist.
652 366 700 388 61.
710 360 754 388 ubi
765 359 799 388 fic
810 360 903 399 inquit
913 370 920 386 :

123 404 192 438 [Ne
201 401 244 430 his
253 401 375 440 regenda
383 400 504 428 Domini
516 399 631 428 Ecclcfia
639 400 764 428 credatur
773 421 781 432 ,
792 401 839 439 qui
851 401 920 440 legi—

121 452 248 472 timarum
259 441 461 470 institutionem
480 439 583 473 nescii,
601 444 631 469 ὅ(
648 440 733 469 totius
751 439 919 469 humilitatis

120 483 227 522 ignari,
248 493 305 511 non
322 482 353 510 :ib
365 480 466 510 infimis
474 479 579 509 sumere
600 481 801 509 incrementum
813 503 820 514 ,
843 480 890 509 sed
907 492 920 509 a

118 522 231 552 suminis
240 523 339 551 volunt
347 521 445 551 habero
454 520 694 559 principiunucum
704 521 784 550 valde
794 521 919 560 iniquum

120 565 152 593 sit
163 587 171 598 ,
191 563 370 593 &absurdum
381 583 389 596 ,
409 570 438 590 ut
449 560 571 600 imperiti
581 561 718 600 magistris
729 584 737 595 ‚
757 562 824 590 novi
845 563 916 590 anti·

119 606 189 642 estiis,
199 609 226 633 ὃ(
241 604 317 633 iudes
328 601 507 642 praeferantur
515 601 637 630 emeritis
650 604 662 635 ]
676 603 714 635 :uz
726 604 761 631 In
773 601 826 631 hoc
835 603 916 631 etiam

976 320 1141 358 napolitano
1151 319 1288 360 Episcopo
1297 321 1456 359 nuncupati,
1468 322 1516 360 qui
1527 322 1677 351 B.Mariam
1688 322 1772 362 Virg-

976 370 1034 388 non
1043 361 1097 389 Dei
1108 382 1116 394 ,
1126 359 1172 389 sed
1183 360 1303 391 hominis
1313 364 1506 391 tantummodo
1517 372 1632 392 matrem
1643 361 1751 392 afl‘eruit
1761 387 1769 398 ,

975 410 1004 428 ut
1014 401 1094 429 aliam
1107 401 1249 440 personam
1259 403 1347 431 carnis
1358 425 1365 436 ,
1379 402 1460 431 :iliam
1472 403 1571 432 faceret
1580 404 1706 433 deitatis:
1719 415 1770 434 nec

975 451 1060 469 unum
1069 441 1214 471 Christum
1227 443 1257 472 in
1268 444 1362 472 Verbo
1372 443 1438 477 Dei,
1450 448 1478 473 δε
1489 454 1570 473 carne
1579 445 1709 475 credi·.lit;
1723 443 1772 475 sed

974 480 1119 519 separatim
1130 505 1137 516 ,
1147 493 1227 522 atquc
1238 483 1383 521 sejunCtim
1392 486 1511 514 alterum
1522 485 1610 514 filium
1619 486 1684 518 Dei,
1696 487 1773 514 alte..

974 532 1034 550 rum
1044 522 1133 552 filium
1141 523 1263 553 hominis
1273 525 1434 563 predicavit
1444 548 1451 559 ,
1461 537 1519 554 etin.
1529 526 1641 565 quidam
1648 535 1738 555 autem
1753 546 1761 558 ‚

979 574 1025 597 24·
1036 573 1082 601 qu.
1093 575 1120 602 3.
1132 567 1143 596 ]
1168 565 1208 593 Hi
1220 566 1250 593 ab
1261 566 1453 595 Orientalibus
1471 571 1569 602 Syram
1585 567 1771 596 communiter

977 605 1166 642 appellantur·
1178 606 1251 634 Vide
1263 610 1386 644 Agnocts
1400 629 1408 640 ‚
1420 609 1590 646 Eutychiani
1599 628 1607 636 .

117 644 196 674 sensu
207 645 360 675 Cafinenfis
369 642 512 673 Chronica
521 642 567 670 lib.
580 653 606 670 z.
616 652 639 670 c.
654 654 671 678 4
679 652 686 670 i
694 662 702 669 .
711 643 745 671 de
754 643 918 682 landulpho
939 644 1023 672 Νετε
1036 665 1044 676 ,
1055 655 1145 683 graece
1174 643 1267 681 Niirrg
1275 648 1311 675 est
1321 647 1404 676 altior
1411 647 1523 677 citharae
1535 650 1626 681 corda,
1637 659 1697 687 quae
1707 658 1770 677 acu-

118 687 216 715 nonin
227 685 280 714 fide
291 684 446 723 Neophyto
456 704 464 715 ,
483 679 530 709 sed
547 682 578 710 in
598 683 674 710 rebus
691 683 875 713 ecclesiasticis
885 706 893 717 ,
904 695 917 711 a

118 726 292 764 Capuanisin
301 734 395 753 eorum
405 720 568 767 Episcopum
577 723 666 751 eleeto
675 744 683 755 ,
693 723 732 752 :iit
744 735 750 751 :
775 729 786 758 [
799 725 918 753 Landul—

117 766 202 805 phuni
212 766 346 804 quendam
357 765 391 793 de
401 763 454 792 suis
464 763 600 791 nobilibus
611 767 829 803 conJugatum,&
841 767 914 795 Neo-

976 693 1034 712 tuin
1043 685 1135 713 reddit
1146 684 1252 715 sonum.-
1266 693 1277 723 [
1289 689 1348 725 Jun
1357 687 1463 726 hypate
1473 699 1591 728 quoque,
1603 700 1665 718 cum
1678 690 1711 719 fit
1722 699 1771 718 ne-

976 735 1004 753 te
1015 726 1152 754 contraria
1163 748 1169 759 ,
1179 728 1218 755 est
1231 737 1323 756 tamen
1335 738 1386 756 una
1398 729 1541 758 harmonia
1550 751 1557 758 .
1580 731 1673 759 Clein.
1686 730 1770 759 Alex.

977 766 1024 794 lib.
1039 777 1061 795 ι.
1072 767 1226 796 stromat.c.
1239 771 1286 804 5.]
1303 769 1377 797 Vide
1392 774 1514 808 Hypate.

114 806 224 844 phitum
236 806 282 843 libi
295 805 460 844 Episcopum
468 805 638 847 elegerunt-j!
652 805 696 832 De
706 804 748 833 his
758 816 825 845 ergo
835 806 866 834 in
879 817 918 834 re-
936 807 1105 835 Nunnium
1116 828 1123 834 .
1137 810 1194 838 PR.
1207 807 1275 838 fustis
1285 809 1317 838 ad
1329 808 1405 837 filum
1416 811 1572 840 ducendum
1582 833 1589 845 ,
1601 821 1627 839 at
1636 819 1767 849 corrupte

115 846 355 876 busecclefissticis
366 854 495 883 tanquam
513 844 650 882 imperitis
668 844 705 873 est
726 845 804 884 supra
823 848 920 875 :illatus

974 847 1045 885 apud
1055 848 1191 877 Ilidorum
1201 851 1346 887 Netorsum
1356 850 1457 880 dicitur
1468 872 1476 879 .

115 886 206 916 sermo
216 887 343 926 Apostoli
356 908 363 914 .
374 888 430 915 FR-
442 885 515 912 idem
526 885 660 913 insinuare
673 886 784 915 videtur
792 888 829 915 D.
849 888 918 916 Hie-
935 889 1045 917 NmMA
1058 909 1065 921 ,
1076 899 1164 927 graece
1173 891 1256 927 νεῦμκ
1267 912 1274 923 ,
1287 891 1355 920 idest
1370 917 1376 926 ,
1387 901 1484 922 nutiis3
1506 889 1552 921 sed
1562 903 1612 931 pro
1621 892 1719 930 suavi,
1741 902 1772 920 ac

116 937 252 962 ronymus
263 928 311 956 lib.
327 938 348 955 i.
358 927 506 963 Dialogor.
515 924 622 954 advers.
633 926 770 964 Pelagiaii.
779 928 822 956 ubi
833 928 867 957 ad
877 929 919 957 10-

115 978 176 996 cum
187 969 266 997 illuni
279 971 304 997 Α
313 966 512 1006 post-alludens
523 987 532 999 ‚
543 965 575 994 lic
586 966 691 1004 inquit:
706 972 717 1001 [
730 969 810 1001 Vult,
823 978 851 996 ut
863 980 919 997 non

114 1008 283 1046 Neophytus
293 1007 441 1046 Episcopus
452 1006 683 1045 oi·dinetui‘‚quod
695 1007 817 1037 videmus
829 1009 857 1037 in
870 1021 917 1039 no.

113 1049 175 1078 stris
186 1050 352 1087 temporibus
362 1057 411 1086 pro
421 1045 524 1075 summa
532 1047 599 1086 eligi
611 1047 723 1083 justitia.
735 1049 761 1078 Si
772 1049 917 1087 baptismus

114 1089 320 1126 statumjustum
342 1088 440 1117 faceret
451 1109 459 1120 ,
478 1091 507 1116 &
518 1088 594 1116 omni
605 1088 716 1126 plenum
727 1090 846 1124 justitia,
871 1101 917 1119 ne-

113 1140 248 1168 quaquam
258 1131 352 1169 utique
363 1129 512 1167 Apostolus
522 1129 708 1167 Neophytum
719 1130 860 1162 refutarem
870 1130 916 1160 sed

114 1168 271 1209 Baptismus
281 1180 374 1200 vetera
384 1179 490 1208 peccata
502 1167 659 1198 conscindit
669 1190 677 1202 ‚
697 1180 781 1199 novas
804 1172 918 1201 virrurcs

116 1220 174 1239 non
184 1212 278 1240 tribuit
293 1237 298 1244 ,
309 1211 430 1240 dimittit
442 1220 457 1238 e
466 1219 582 1241 carcere,
593 1213 620 1238 ὅ(
630 1209 740 1239 dimiss'o
751 1211 770 1240 fi
780 1213 915 1242 laborave-

115 1252 152 1279 rit
163 1252 271 1289 praemia
279 1252 428 1290 pollicetur
443 1271 450 1278 .
463 1253 522 1280 Aut
534 1250 623 1279 nullus
634 1251 745 1288 inquam
756 1273 764 1284 ‚
787 1263 833 1282 aut
841 1264 914 1282 rarus

117 1292 154 1319 cst
166 1313 172 1323 ‚
185 1294 231 1330 qui
241 1294 335 1322 omnia
346 1291 452 1325 habeat,
467 1301 526 1330 qua:
538 1290 635 1319 habere
647 1291 728 1320 debet
738 1294 914 1332 Episcopus]

115 1333 229 1365 :lhItem
237 1335 366 1373 Neophyti
377 1333 539 1362 vocabulum
552 1340 602 1369 pro
612 1332 736 1362 Novitio
748 1344 776 1362 iii
790 1336 914 1374 Religio-

112 1383 148 1400 ne
159 1372 300 1412 usurpatur
313 1397 319 1407 ‚
333 1375 363 1402 in
374 1384 428 1412 quo
437 1371 516 1401 sensu
526 1375 612 1411 Greg.
624 1373 670 1401 lib.
681 1383 709 1405 7.
718 1376 824 1414 Regist.
837 1376 915 1414 epist.

118 1423 128 1440 i
137 1424 181 1441 ιο.
194 1415 250 1443 PR.
262 1415 297 1443 de
310 1413 362 1443 hoc
373 1413 451 1443 sensu
460 1414 531 1441 clare
543 1413 571 1441 in
581 1424 639 1441 can.
649 1413 716 1441 ficut
726 1416 896 1455 Neophytus
906 1437 914 1448 ,

113 1452 175 1481 dist.
187 1459 234 1488 48.
245 1455 281 1483 ibi
292 1455 367 1483 enini
377 1456 411 1484 sic
421 1454 533 1482 habetur
545 1465 550 1481 :
571 1454 666 1488 [Sicut
684 1456 854 1494 Neophytus
873 1458 913 1486 di-

116 1493 227 1522 cebatur
237 1515 244 1526 ‚
263 1496 310 1533 qui
321 1495 405 1522 initio
413 1493 512 1521 cinctae
524 1492 589 1521 fidei
598 1503 655 1522 erat
667 1496 825 1526 eruditione
838 1498 912 1536 plan-

115 1540 185 1560 tatus
195 1554 202 1565 ,
215 1533 249 1561 fic
260 1535 344 1562 modo
355 1533 521 1571 Neophytus
530 1533 666 1563 habendus
674 1534 712 1562 est
724 1558 730 1568 ,
741 1538 786 1574 qui
799 1548 913 1575 repente

116 1572 145 1600 in
155 1573 314 1611 Religionis
330 1574 425 1603 habitu
447 1575 581 1611 plantatus
599 1575 632 1603 ad
650 1578 807 1606 ambiendos
826 1578 913 1608 sacros

973 928 1143 964 ,ubilationis
1152 929 1332 968 spiritualiter
1343 933 1452 970 prolato
1462 943 1544 962 cantu
1553 932 1705 970 usurpatur,
1715 943 1771 972 quo

976 967 1025 996 vix
1037 970 1117 998 verba
1127 972 1350 1008 exprimebantur
1360 994 1368 1005 ,
1387 973 1452 1002 dum
1463 975 1546 1012 longa
1558 973 1635 1013 pausa
1654 984 1770 1013 quaeque

974 1008 1077 1043 syllaba
1089 1011 1298 1048 protrahebatur
1309 1036 1316 1049 ‚
1325 1013 1362 1041 ita
1372 1023 1401 1041 ut
1413 1025 1447 1042 ex
1458 1014 1513 1041 oris
1523 1024 1628 1043 rantum
1638 1015 1769 1053 aperitio-

973 1059 1008 1077 ne
1019 1071 1028 1082 ‚
1047 1061 1076 1079 ac
1086 1062 1134 1089 per
1146 1052 1225 1090 ipsius
1236 1063 1331 1082 mitum
1342 1076 1350 1087 ,
1370 1058 1398 1083 a&
1415 1064 1521 1083 morum
1541 1055 1769 1094 intelligerentur

974 1090 1053 1119 verba
1062 1112 1069 1119 .
1091 1093 1158 1120 ch
1176 1103 1270 1122 cantus
1280 1093 1383 1132 species
1394 1095 1569 1124 exercebatur
1582 1096 1718 1134 precipue
1739 1094 1773 1122 iit

974 1132 1067 1160 Natali
1075 1133 1205 1164 Domini;
1216 1133 1280 1163 hinc
1292 1136 1458 1164 recentiores
1469 1136 1563 1165 Musici
1574 1137 1602 1164 in
1611 1136 1704 1164 eadem
1719 1145 1768 1164 no—

973 1172 1016 1199 cte
1032 1173 1204 1202 brevioribus
1213 1173 1322 1209 syllabis
1331 1176 1398 1204 Nsel
1406 1176 1588 1215 pronuntiant
1610 1177 1640 1205 in
1653 1176 1769 1206 camile-

973 1212 1018 1240 nis
1025 1211 1106 1241 sacris
1117 1234 1125 1241 .
1145 1215 1307 1253 Antiquitus
1327 1225 1417 1245 tamen
1438 1217 1467 1246 in
1476 1216 1565 1245 choi-0
1573 1223 1682 1246 Neuma
1691 1226 1769 1246 cane·

973 1252 1050 1281 batur
1061 1255 1145 1289 Kyrie
1155 1255 1262 1284 eleison
1272 1277 1280 1289 ‚
1303 1257 1346 1285 vel
1367 1258 1399 1286 ad
1409 1257 1561 1286 diftionem
1573 1259 1748 1295 Hierusalem
1760 1277 1770 1290 ,

974 1294 1037 1331 quia
1048 1295 1166 1323 coeiestis
1178 1296 1262 1334 patri:
1272 1298 1506 1336 contemplabatur
1517 1319 1524 1326 .
1537 1298 1610 1327 Vide
1618 1299 1692 1327 Noel.
1702 1299 1768 1327 Un-

973 1334 1007 1362 de
1018 1337 1157 1373 Rupertus
1168 1336 1215 1364 lib.
1230 1348 1252 1364 i.
1265 1338 1300 1366 de
1309 1339 1411 1367 Divin.
1423 1337 1468 1367 off.
1479 1350 1503 1367 c.
1515 1350 1528 1377 3
1538 1348 1562 1375 5.
1572 1338 1681 1377 inquit:
1695 1340 1769 1377 [Ju-

973 1374 1086 1404 bilamus
1095 1377 1181 1416 magis
1192 1399 1200 1410 ‚
1212 1388 1290 1416 quain
1299 1378 1421 1408 canimus
1433 1400 1440 1412 ‚
1459 1389 1596 1418 unamque
1605 1380 1716 1408 bre-:em
1725 1379 1768 1408 di—

972 1415 1022 1454 gni
1034 1414 1168 1446 sermonis
1176 1416 1306 1454 syllabam
1316 1419 1345 1448 in
1356 1420 1447 1457 plures
1458 1430 1568 1449 neumas
1581 1441 1589 1452 ‚
1598 1420 1643 1448 vel
1655 1429 1767 1448 neuma-

972 1465 1032 1484 rum
1049 1457 1242 1487 distinffiones
1259 1460 1445 1497 protrahimus
1457 1482 1464 1493 ,
1488 1470 1517 1488 ut
1534 1460 1655 1495 jucundo
1671 1461 1767 1489 auditu

971 1506 1049 1526 mens
1059 1498 1179 1528 attonita
1187 1500 1323 1538 repleatur
1333 1522 1341 1533 ,
1354 1504 1381 1529 ὃς
1390 1501 1511 1539 rapiatur
1520 1501 1549 1528 in
1558 1501 1648 1539 gloria
1659 1504 1671 1532 ]
1694 1502 1766 1537 qu

971 1537 1129 1574 interjestio
1146 1538 1217 1578 saepe
1236 1541 1265 1568 in
1284 1551 1365 1569 cantu
1384 1541 1513 1580 AlleluJa
1540 1541 1601 1579 post
1621 1541 1768 1580 epistolam

971 1578 1042 1617 apud
1051 1581 1166 1608 Graecos
1177 1581 1363 1619 frequentatur
1373 1602 1381 1609 .

117 1612 230 1641 ordines
239 1613 379 1652 irrepserit
388 1634 395 1642 .
414 1614 553 1644 Ordinato
563 1624 630 1653 ergo
651 1616 683 1644 ad
694 1617 805 1646 ordines
825 1617 912 1648 ascen·
931 1620 1041 1647 ΝευΜο
1052 1640 1061 1652 ,
1075 1621 1188 1649 verbum
1199 1643 1206 1653 ‚
1217 1621 1287 1650 idest
1297 1643 1304 1655 ,
1316 1633 1384 1650 cario
1395 1631 1520 1650 neumam
1532 1640 1540 1649 .

117 1653 237 1681 dendum
250 1654 297 1682 est·
307 1657 319 1687 ]
331 1653 425 1683 Gloffi
436 1664 525 1683 autem
536 1655 565 1683 in
576 1658 911 1695 can-Probentur,dill.48.
931 1660 1049 1688 NiBiTA
1061 1680 1068 1686 .
1083 1663 1139 1690 FR.
1150 1672 1215 1699 :iqua
1227 1663 1355 1699 pluvialis
1367 1683 1374 1690 .
1395 1668 1406 1698 [
1418 1663 1516 1691 Nibita
1527 1672 1595 1701 aqua
1610 1673 1644 1691 ex
1655 1663 1767 1692 nubibus

116 1693 264 1722 Secundam
277 1694 354 1731 hujus
366 1695 488 1723 vocabuli
504 1695 692 1734 acceptionem
703 1720 710 1730 ‚
729 1697 836 1728 scilicet
848 1721 856 1733 ,
878 1700 912 1729 de

116 1735 230 1762 novello
239 1735 268 1763 in
278 1736 353 1764 rebus
360 1733 440 1764 sacris
450 1757 458 1768 ‚
469 1745 526 1763 non
535 1737 651 1774 agnovit
662 1759 670 1770 ‚
679 1738 744 1767 dum
757 1739 791 1768 ibi
806 1750 911 1770 tantum

116 1774 210 1802 astruit
222 1796 230 1807 ,
249 1786 364 1814 nempe:
378 1776 515 1811 [Dicitur
525 1777 692 1815 Neopliytus
705 1781 830 1808 novellus
840 1783 870 1810 in
881 1782 911 1810 fi-

117 1813 152 1841 dc
164 1835 173 1845 ,
192 1815 235 1843 vel
246 1816 275 1843 in
284 1816 435 1854 Religione
445 1836 452 1842 .
464 1817 476 1847 ]
488 1817 533 1844 De
543 1818 704 1856 Neophytis
715 1817 745 1848 in
754 1820 807 1849 fide
818 1842 825 1848 .
839 1822 911 1851 Vide

972 1699 1037 1728 fac'ta
1047 1721 1055 1727 .
1067 1701 1163 1730 Isidor.
1176 1703 1190 1733 1
1203 1703 1255 1731 Sed
1268 1702 1375 1732 Voffius
1387 1704 1483 1732 melius
1495 1703 1632 1732 existimat
1642 1703 1696 1732 dici
1713 1707 1766 1733 Ni-

969 1743 1067 1768 vitam
1077 1762 1084 1774 ,
1097 1752 1203 1780 aquam,
1215 1754 1316 1782 nempe
1330 1766 1337 1777 ,
1348 1754 1382 1772 ex
1394 1744 1503 1772 nivibus
1514 1743 1664 1782 liquefaetis
1675 1755 1684 1776 ς
1695 1755 1768 1778 riam,

969 1789 998 1808 ut
1008 1779 1077 1819 saepe
1088 1782 1209 1811 diximus
1219 1806 1227 1818 ‚
1252 1783 1282 1812 in
1301 1785 1375 1813 illius
1385 1785 1483 1813 Ilidori
1493 1783 1599 1812 saeculis
1618 1787 1650 1813 Β.
1667 1795 1719 1824 pro
1730 1786 1767 1815 V.

972 1823 1124 1858 ponebatur
1133 1843 1140 1850 .

117 1857 268 1883 Dominica
277 1866 350 1884 nova
358 1875 366 1884 .
389 1857 563 1885 Illummati·
573 1860 675 1887 Eorum
684 1860 825 1898 proceffio.
840 1863 913 1891 Vide
928 1862 1084 1891 wavs
1097 1884 1104 1895 ,
1122 1863 1209 1892 utitur
1218 1863 1268 1894 hac
1279 1865 1384 1894 barbara
1395 1864 1517 1893 distione
1526 1865 1648 1903 Joaunes
1657 1866 1762 1895 Diaco-

0 1887 3 1942 ἰ
118 1894 222 1931 Vespera
233 1915 241 1922 .
970 1912 1019 1930 nus
1031 1902 1059 1930 in
1070 1902 1254 1942 descriptione
1265 1907 1490 1934 indumentorum
1503 1906 1527 1934 S.
1537 1906 1632 1934 Silvia:
1644 1907 1681 1935 D.
1691 1909 1764 1936 Gre-

76 1935 300 1964 NEOPHITORUM
312 1937 445 1966 Harii-:sis
462 1956 470 1965 .
493 1939 549 1967 FR.
567 1937 700 1969 laicorum
712 1963 720 1974 ,
739 1938 783 1970 seu
793 1941 914 1970 immeri-

117 1983 208 2002 torum
219 1975 380 2013 pcrvicacia,
392 1977 457 2005 duni
469 1977 617 2008 simoniace
627 1981 661 2009 ad
669 1982 862 2011 Ecclesiasticus
871 1983 912 2011 di-

115 2016 238 2054 gnitates
248 2026 395 2054 procurant
406 2020 554 2057 pervenire
562 2040 570 2053 ,
582 2030 642 2049 can.
653 2021 767 2060 quisque
777 2033 824 2061 per
832 2033 912 2062 pecu-

120 2056 214 2089 niam,
230 2067 307 2095 i.qu.
324 2068 347 2085 ι.
869 2086 872 2089 .

74 2097 248 2126 ΝεΡΗΑωυς
261 2120 267 2130 ,
276 2108 365 2136 grxce
375 2093 501 2136 νηφάλιος
510 2121 518 2133 ,
528 2099 646 2130 sobrium
655 2101 743 2135 simul,
753 2113 781 2131 ac
794 2103 912 2142 vigilan-

116 2146 172 2164 tem
183 2137 332 2176 fignificat:
354 2144 365 2173 [
378 2139 488 2178 Quippe
496 2150 643 2179 utrumque
653 2142 787 2181 fignificat
798 2146 810 2176 J
822 2145 913 2183 inquit

115 2177 154 2205 D.
165 2179 355 2214 Hieronymus
364 2180 441 2217 epist.
455 2185 500 2218 83.
510 2181 543 2209 ad
553 2182 697 2211 Oceanum
707 2203 714 2210 .

72 2217 275 2248 sznssmus.
286 2221 343 2249 PR,
356 2219 434 2254 idest,
445 2222 642 2260 Nepefinus‚ex
653 2223 728 2262 Nepi
736 2224 874 2258 Civitate,
888 2235 913 2261 ς.

116 2257 244 2288 decretal.
255 2260 300 2288 tir.
315 2271 324 2288 i
334 2272 359 2289 ι.
369 2270 427 2299 cap.
442 2273 456 2290 ι
465 2272 489 2290 i.

76 2297 107 2326 N
112 2307 252 2329 [prunus.
274 2302 330 2330 PR.
352 2299 455 2332 sortasse
464 2312 497 2331 ex
509 2301 633 2332 hebraico
645 2304 776 2334 vocabulo
788 2307 922 2344 Nepbtul‚·

114 2340 190 2377 quod
198 2351 316 2381 agonem
325 2340 384 2376 ,seu
395 2352 536 2373 certamen
543 2344 690 2385 fignificat.
703 2346 801 2385 Calep.
811 2347 841 2376 in
850 2334 926 2410 dict-l

967 1943 1041 1980 gorii
1055 1944 1200 1981 genitricis
1209 1967 1217 1978 ‚
1237 1946 1301 1974 duni
1312 1947 1350 1974 :iit
1363 1957 1369 1973 :
1395 1948 1513 1980 [Ferens
1523 1946 1552 1973 in
1561 1946 1651 1985 capite
1660 1957 1764 1977 matro-

970 1984 1058 2011 nalem
1069 1985 1179 2012 mitram
1189 1986 1313 2015 cadentis
1321 1987 1430 2015 brandei
1443 1987 1553 2015 raritate
1564 1988 1692 2016 niblatam
1705 2010 1712 2022 ‚
1732 1989 1764 2018 in

971 2024 1030 2052 vita
1040 2024 1064 2052 S.
1076 2027 1163 2063 Greg.
1173 2036 1232 2063 cap.
1247 2031 1291 2065 83.
1302 2031 1329 2056 ὅ(
1343 2029 1402 2063 84.]
1413 2025 1460 2055 sed
1471 2026 1600 2056 mendose
1610 2050 1617 2061 ‚
1628 2028 1692 2057 dum
1703 2036 1762 2059 Nu<

968 2064 1090 2092 lutatam
1112 2065 1260 2104 legendum
1271 2068 1309 2095 cst
1319 2090 1326 2100 ‚
1343 2077 1451 2106 eratque
1470 2068 1563 2096 velum
1574 2068 1763 2100 tenuiffimum

967 2105 1052 2143 capiti
1072 2107 1193 2140 ejusdem
1212 2108 1312 2136 Sanftae
1334 2108 1491 2137 involutum
1509 2109 1543 2137 ad
1563 2110 1648 2139 instar
1665 2112 1762 2140 turcici

969 2145 1082 2176 vittati.
1092 2147 1166 2185 quod
1176 2148 1275 2177 Italice
1284 2150 1429 2178 Turbame
1438 2149 1549 2182 dicitur,
1562 2160 1632 2179 utin
1641 2151 1762 2187 ejusdem

968 2185 1071 2214 Sanitae
1084 2187 1168 2225 figura
1179 2210 1184 2219 ,
1197 2188 1291 2217 videre
1301 2190 1338 2217 eil
1350 2211 1358 2222 ‚
1368 2200 1402 2218 ex
1412 2199 1523 2229 antiqua
1532 2194 1587 2227 ejus
1597 2191 1718 2231 imagine
1728 2193 1761 2221 fl-

971 2228 1027 2254 rnul
1037 2237 1098 2255 cum
1108 2230 1207 2257 marito
1218 2250 1225 2261 ‚
1239 2233 1266 2258 ὅ(
1277 2229 1337 2258 filio
1347 2230 1379 2259 ad
1390 2230 1486 2259 vivum
1496 2230 1614 2269 expressii
1627 2254 1635 2265 ,
1645 2236 1674 2260 ὅ(
1685 2233 1714 2260 ab
1726 2237 1762 2261 E-

971 2267 1173 2297 iiiinentiffiino
1186 2271 1308 2298 Batonio
1317 2271 1349 2300 ad
1364 2281 1464 2300 annum
1474 2279 1542 2307 604-
1553 2273 1665 2302 :iddthta
1677 2293 1684 2300 .
1703 2274 1761 2303 FR.

970 2306 1018 2336 sed
1028 2310 1170 2337 Turb-ante
1188 2311 1277 2348 potius
1295 2311 1405 2341 videtur
1426 2311 1501 2341 fuiss'e
1519 2313 1622 2352 pileum
1643 2314 1765 2342 turbina-

971 2357 1029 2377 tum
1042 2369 1050 2377 .
1072 2350 1143 2378 Vide
1163 2352 1256 2380 Ptleus
1266 2370 1274 2378 .

1368 2391 1413 2422 ff
1450 2404 1468 2428 4
1672 2396 1730 2424 Ni-
