1866 2526
152 46 230 87 554
487 33 522 75 Ρ
552 33 594 74 O

90 93 306 123 Por-:murena
317 91 505 121 Bmzmcno
517 112 525 124 ‚
537 90 615 124 idest,
627 87 768 119 Viaticum
776 108 784 117 .
793 85 868 118 Vide
878 92 929 117 Be-

136 132 256 160 nedzc‘flo
276 132 384 160 beatica
394 152 404 159 .

91 174 355 201 Pommmuizs
366 174 479 201 psum
491 192 498 200 .
521 172 596 201 Vide
613 172 758 209 Psalmus.
877 210 882 215 ι

92 215 351 243 ΡοεΝιιἘΝτῐΑιις
365 233 372 241 .
389 214 445 242 PR.
457 213 596 251 poenitens
606 235 614 246 ,
634 213 682 251 qui
699 210 928 240 sacramentaliter

131 252 177 281 sua
195 262 304 291 peccata
321 253 468 282 confitetur
479 265 486 285 ς
508 264 589 293 quare
607 254 764 288 Symmacus
782 255 850 291 Papa
872 252 909 280 ait
919 273 927 284 ‚

129 294 207 332 quod
220 293 374 329 [silvester
384 300 396 328 (
406 302 498 333 nempe
508 316 517 327 ,
538 299 611 332 Papa
617 297 724 331 primus
734 297 747 326 )
759 304 868 332 quoque
878 292 926 321 do-

133 345 197 363 cens
206 356 214 367 ,
225 335 357 362 admonet
367 345 587 373 unumquemque
599 335 769 363 Sacerdotem
780 356 788 367 ,
799 344 827 363 ut
839 334 928 364 nullus

135 374 208 402 causa
218 374 408 403 fornicationis
426 376 459 404 ad
470 375 542 403 suam
560 375 782 413 poeniteutialem
801 376 907 404 accedat
919 386 924 402 :

1277 33 1382 78 Po

983 89 1045 118 bet:
1058 88 1074 125 Η
1088 88 1296 130 :Prodigiosum
1307 92 1434 132 equidem
1443 104 1499 123 erar
1510 96 1700 127 candelabrum
1709 100 1778 130 Basi-

985 130 1045 158 licae
1057 131 1197 174 Vaticanae
1210 132 1239 160 in
1250 134 1334 163 forma
1344 136 1443 164 Crucis
1451 137 1480 165 ab
1492 137 1617 166 Adriano
1626 139 1696 177 Papa
1704 141 1778 170 obla-

986 180 1044 199 tum
1055 180 1104 214 ’.m
1114 181 1169 209 quo
1180 174 1376 206 MCCCLXX.
1385 177 1505 206 candela:
1518 180 1691 216 ponebantur
1700 202 1709 214 ‚
1730 180 1777 220 qui

984 211 1115 241 Pontifex
1124 211 1232 248 jusserat
1242 224 1358 253 quatuor
1367 215 1398 245 in
1406 227 1477 246 anno
1489 219 1590 248 vicibus
1602 221 1715 249 accendi
1731 223 1779 251 de-

984 253 1046 281 bere
1057 275 1064 286 ,
1084 262 1183 292 nempe
1193 274 1201 285 ,
1223 255 1253 283 in
1264 254 1454 287 festivitatibus
1463 260 1630 289 Nativitatis
1638 262 1757 291 Domini
1768 283 1776 296 ,

984 292 1092 322 Paschae
1105 315 1112 326 ‚
1123 294 1320 331 Apostolorum
1327 297 1402 325 Petri
1413 319 1421 330 ,
1430 303 1459 328 ὃς
1469 301 1556 334 Pauli,
1566 305 1593 330 δι
1605 300 1633 329 in
1644 302 1689 330 die
1699 303 1778 331 anni-

985 333 1103 362 νει-[τίει
1113 337 1169 367 ejus
1182 335 1340 365 electionis.
1352 339 1452 367 Baton.
1461 349 1505 368 an.
1515 351 1583 378 795.
1594 345 1622 371 δε
1633 343 1777 372 Antist-Bi-

983 374 1082 403 blioth.
1092 375 1122 402 in
1132 375 1229 405 eodem
1240 378 1367 407 Adriano
1376 397 1383 404 .

132 415 196 453 quia
205 414 337 452 scriptum
346 415 383 444 est
393 438 400 449 ‚
409 426 514 448 omnes,
525 415 600 454 quod
611 416 641 443 in
654 416 850 453 poenitentiam
859 415 927 444 acci·
943 417 1178 446 Pon-:aizoum
1188 438 1196 449 ,
1208 414 1386 456 πολυχρόνιον
1395 439 1404 452 ,
1419 418 1487 449 idest
1497 442 1505 454 ,
1521 422 1553 450 ad
1563 423 1663 453 multos
1672 434 1775 454 annos,-

134 465 223 494 pxmus
233 477 242 489 ‚
255 456 290 484 ita
301 455 352 484 filii
362 457 447 484 nostri
458 455 520 484 sunt
531 478 538 488 ,
550 466 579 484 ut
592 466 619 483 in
628 456 790 494 baptismate
800 456 926 495 suscepti3

132 506 301 534 quapropter
310 495 361 524 hoc
372 495 455 525 scelus
466 497 485 525 fi
494 496 553 535 quis
565 497 737 535 perpetravit
747 519 754 530 ,
772 509 831 527 non
839 497 926 526 solum

984 457 1141 486 acclamatio
1151 478 1159 490 ‚
1171 468 1230 497 quse
1242 459 1275 488 ad
1285 458 1464 489 domesticum
1475 460 1535 490 fieri
1543 461 1675 501 spectabat
1685 486 1692 494 .
1704 465 1778 494 Vide

982 499 1152 535 Domesticus
1163 519 1170 526 .

132 536 277 575 dignitatis
288 537 425 565 honorem
436 547 560 571 amittat,
579 548 676 566 verum
693 538 777 567 etiam
793 538 876 578 usque
894 539 927 567 ad
942 540 1121 568 ponamin
1132 560 1140 571 ‚
1151 538 1328 578 παλυγαμία
1340 565 1345 573 ,
1356 540 1544 581 multiplicitas
1555 543 1728 582 nuptiarum.

130 579 236 606 exitum
250 577 313 605 vita:
325 576 376 605 suae
386 579 444 616 jugi
458 578 634 616 poenitentiae
647 577 673 607 se
682 577 776 608 subdat
787 590 928 613 ‚can.om-
943 581 1122 609 Portemus
1133 601 1141 613 ‚
1164 581 1211 618 qui
1232 581 1266 610 ad
1287 582 1382 611 multas
1403 582 1512 621 nuptias
1532 585 1660 614 transivit
1670 606 1678 614 .

131 628 195 651 nes,
213 628 259 655 30.
275 627 319 656 qu.
337 619 383 648 1.]
405 619 538 658 fignificat
550 620 618 648 item
629 620 743 654 librum,
765 619 795 650 in
806 632 861 661 quo
871 631 928 659 poe-
943 621 1113 650 Portunus
1126 619 1321 658 ,voxdmroffi
1341 623 1429 656 idest,
1447 625 1541 653 multis
1561 625 1625 654 filiis
1641 626 1779 655 variorum

130 659 259 695 ‚nitentiae
273 668 322 696 pro
335 662 449 697 peccatis
459 660 636 699 imponendae
648 671 750 690 notatae
765 662 828 692 sunt
838 684 845 690 .
857 662 929 691 Vide

130 700 282 737 suffocatus
291 719 299 726 .

89 741 371 770 ΡοεΝιτεΝτῐΑκως
384 744 546 773 Pusmrna
556 763 563 770 .
584 744 642 772 PR.
662 743 847 774 Confeffarius
857 744 930 772 dice-

131 780 223 810 batur:
236 781 300 809 vide
310 782 403 811 Latini
416 783 520 812 Latinii
531 783 744 813 Lucubrationes
754 808 761 819 ‚
773 796 833 824 quae
845 796 859 813 a
869 786 929 813 Do-

984 662 1108 689 colorum
1117 671 1262 690 contextus
1271 684 1279 695 ‚
1301 664 1532 701 quemadmodum
1540 675 1595 694 erat
1605 665 1719 705 Josephi
1731 677 1779 696 ve-

985 701 1032 730 stis
1045 702 1182 730 variorum
1189 703 1314 732 colorum
1324 705 1429 743 virgata
1440 726 1447 733 .
1460 711 1471 740 [
1482 706 1610 744 Fecitquc
1623 706 1648 734 ci
1658 708 1780 736 tunicam

985 742 1151 781 polymitam
1161 763 1168 770 .
1180 743 1281 772 Genes.
1291 754 1314 772 c.
1327 747 1389 782 37.]
1398 747 1454 775 PR.
1467 757 1481 774 a
1499 745 1579 778 πολι)
1588 768 1597 781 ,
1608 748 1677 776 idest
1688 769 1697 782 ‚
1710 749 1781 777 mul-

986 793 1028 811 tus
1039 805 1046 816 ‚
1058 787 1087 811 δε
1097 782 1179 820 μίτος
1190 805 1198 816 ,
1208 784 1275 812 idest
1285 806 1293 818 ,
1303 784 1395 813 licium
1407 806 1414 814 .

129 822 237 850 minico
249 823 344 851 Macro
353 823 431 858 hujus
441 825 531 864 operis
542 825 663 854 Austore
672 827 806 858 cosseetae,
818 831 846 855 ὃ(
856 826 929 863 typis
945 825 1169 853 Poimiumus
1180 844 1188 856 ,
1200 822 1404 863 πολυμιτάρισς
1414 847 1421 853 .
1433 829 1489 856 FR.
1501 826 1611 856 Artifex
1620 848 1629 861 ,
1640 827 1688 867 qui
1697 829 1781 867 poly-

131 861 234 893 Tinaffi
245 865 344 892 Roma:
362 871 447 900 1656.
459 866 541 894 editae
554 865 637 898 fuere,
649 876 747 895 tom.1.
763 878 819 906 par.
831 879 856 895 2.
868 876 929 905 pag.

131 914 144 941 3
153 915 166 932 2
174 913 199 939 5.
211 907 237 932 δ(
247 903 324 943 seqq.
335 904 378 932 ubi
390 916 487 934 contra
497 908 681 936 Sozomcnum
693 930 702 941 ,
722 908 852 946 Jacobum
864 908 928 936 Mil-

131 944 200 976 lium
212 966 220 978 ,
243 949 270 974 ὃ(
281 944 466 975 Melchiorem
484 949 595 977 Canum
611 949 720 978 erudite
738 950 833 987 probat
849 947 929 984 hujus

130 985 307 1024 poenitentiae
321 987 487 1016 Sacramenti
509 988 726 1027 antiquiffimum
735 990 820 1018 ritum
841 989 871 1017 in
882 994 929 1019 Ec-

129 1026 208 1054 clefia
218 1026 293 1057 fuifl'e
304 1047 313 1059 ,
333 1030 359 1056 ἀ
371 1037 467 1056 contra
485 1030 664 1058 Novatorum
682 1032 810 1060 latratum
821 1052 828 1058 .
846 991 937 1067 Quodl

129 1067 215 1096 etiam
225 1066 402 1097 confirmatur
423 1080 455 1097 ex
467 1070 661 1110 antiquissimis
673 1072 799 1101 terminis
808 1072 854 1100 hic
865 1073 930 1101 alla-

131 1107 166 1136 tis
177 1119 184 1135 .·
196 1108 227 1136 in
237 1109 402 1137 dictionibus
412 1130 419 1137 .
429 1116 630 1141 Pneumaticus
642 1113 730 1141 doctor
741 1132 748 1140 ·
758 1116 930 1143 Paenitentia

131 1150 344 1178 Poenitentialis
356 1170 362 1177 .
373 1153 520 1180 Pernitudo
530 1173 537 1181 .

89 1191 267 1222 Ροεκιτυοο
278 1210 284 1217 .
300 1192 357 1219 FR.
370 1192 539 1228 poenitentia
550 1215 558 1226 ,
570 1203 628 1221 can.
638 1203 763 1233 tempora
774 1194 929 1233 poenitudi-

131 1230 172 1258 nis
181 1251 191 1263 ‚
215 1238 262 1259 26.
284 1231 377 1269 quaest,
400 1244 426 1265 7·

88 1272 195 1303 Pomm
208 1291 216 1299 .
239 1271 312 1300 Vide
331 1277 549 1302 Metrocanorius
560 1295 566 1301 .
590 1281 666 1304 Vates
677 1295 685 1303 .

89 1313 191 1345 Porro
204 1332 212 1344 ‚
233 1311 311 1351 fingo
330 1313 439 1350 poetico
449 1324 527 1343 more
551 1321 562 1349 [
575 1316 637 1349 Quo
658 1315 789 1354 pofl‘emus
800 1327 826 1345 te
837 1315 930 1345 falsum

130 1352 226 1380 testem
238 1352 399 1391 intelligere
408 1375 417 1386 ‚
428 1364 455 1383 te
464 1366 547 1383 unum
557 1356 607 1384 ell‘e
617 1357 652 1385 de
664 1357 818 1395 viperarum
831 1368 930 1396 proge-

130 1392 196 1425 nie,
218 1392 279 1421 falsa
291 1392 350 1422 haec
362 1405 423 1423 cum
432 1394 571 1434 sacrilegis
591 1398 644 1425 tuis
666 1397 784 1435 poetasse
795 1418 802 1425 .
820 1397 929 1428 Lucifer

131 1433 223 1462 Caral.
235 1434 268 1462 ad
278 1435 423 1463 Constant.
434 1436 480 1465 lib.
494 1448 519 1465 2.

89 1475 213 1504 pomum
225 1495 232 1502 .
245 1475 406 1506 Balaustium
416 1498 424 1509 ,
436 1477 491 1505 sive
501 1478 653 1506 cancellum
663 1500 669 1507 .
693 1478 771 1514 [Qui
781 1479 929 1508 ordinandi

133 1514 198 1543 sunt
211 1536 220 1548 ‚
233 1515 303 1544 stent
312 1516 344 1544 in
354 1518 441 1555 pogio
450 1517 496 1546 sub
505 1519 630 1557 gradibus
642 1540 649 1547 .
660 1520 732 1550 Ord.
746 1522 843 1551 Rom]
857 1521 930 1549 Vide

130 1557 251 1587 ,Pedium
260 1577 269 1587 ,.
293 1560 350 1587 PR.
361 1567 454 1595 potius
463 1560 579 1597 genuale
589 1570 646 1589 erat
658 1581 666 1593 ‚
689 1560 719 1588 in
729 1570 784 1599 quo
795 1563 930 1590 incumbit

129 1598 314 1635 genuflecstens
324 1619 332 1626 .
355 1598 429 1626 Vide
450 1601 572 1629 Genuale
582 1620 589 1627 .

87 1637 204 1669 POLANI
214 1658 221 1665 .
246 1639 319 1667 Vide
339 1639 431 1669 Filius
453 1641 589 1669 arnaldus
599 1661 607 1669 .

88 1679 254 1712 Portunus.
265 1680 358 1709 Pullus
369 1681 497 1719 equinus,
511 1682 639 1715 asininus,
650 1681 695 1711 scu
705 1681 823 1711 mulinus
831 1703 838 1710 .
852 1686 930 1718 [Erat

130 1718 162 1747 in
174 1720 340 1749 monasterio
350 1722 477 1759 poledi-us
487 1722 688 1759 pulcherrimus
700 1744 707 1751 .
716 1722 852 1752 Caesarius
865 1745 873 1757 ‚
886 1725 932 1753 lib.

132 1764 158 1788 8.
170 1771 193 1788 c.
204 1767 252 1799 36.
264 1762 338 1790 Vide
351 1762 478 1790 Polla-nus
490 1783 498 1790 .

88 1801 182 1832 Poma
194 1822 201 1829 .
226 1801 298 1830 Vide
321 1806 506 1842 Equaritmm
518 1824 526 1832 .

88 1843 225 1875 ΡοιιεΝ.
248 1844 307 1872 'FR-
320 1844 417 1872 Farina
441 1850 452 1879 [
467 1846 528 1873 Nec
544 1844 713 1874 conficiendi
733 1845 851 1884 pollinis
870 1856 933 1874 cura

132 1883 285 1912 mandetur.
295 1883 434 1913 Theodos.
446 1885 556 1914 Codex.
571 1886 616 1914 lib.
635 1897 643 1913 1
655 1897 675 1914 1.
687 1887 733 1914 tit.
750 1893 793 1915 16.
806 1887 875 1925 lega
886 1897 910 1922 5.

984 865 1063 893 miras
1074 864 1160 893 vestes
1169 863 1282 892 conficit
1303 866 1428 900 [Ooliab
1449 877 1557 906 quoque
1567 868 1656 899 filium
1666 869 1778 899 Achisa.

983 905 1064 934 mech
1075 905 1109 934 de
1118 905 1190 933 tribu
1201 905 1266 933 Dan
1276 926 1285 938 ‚
1304 906 1394 934 ambos
1411 908 1532 937 erudivit
1548 907 1709 947 sapientiam
1718 932 1727 944 ,
1749 920 1778 938 ut

986 946 1087 975 faciant
1097 956 1179 984 opera
1192 945 1354 981 abjetarii,&
1365 949 1538 985 polymitarii
1550 953 1602 978 &c-
1615 950 1744 989 Exod.c.3
1754 961 1779 986 ς’.

985 988 1065 1016 Idem
1074 987 1185 1016 liabetur
1195 1008 1203 1019 ‚
1214 997 1237 1014 c.
1249 993 1297 1035 3⁶¹·
1309 992 1354 1024 38.
1365 992 1392 1016 ὅ(
1404 999 1451 1026 39.
1464 991 1536 1018 Item
1545 1001 1573 1019 2.
1584 992 1655 1029 Reg.
1665 1001 1691 1019 c.
1703 1003 1717 1019 2.
1726 1002 1750 1019 1.

941 1030 1165 1057 Pompwcfflm
1177 1049 1185 1061 ,
1205 1034 1411 1066 πολυπγυχον,
1431 1030 1581 1060 multorum
1599 1029 1732 1060 foliorum
1749 1031 1780 1060 li-

983 1069 1039 1102 ber,
1052 1069 1083 1097 in
1095 1079 1151 1107 quo
1164 1068 1327 1096 notabantur
1336 1070 1449 1106 publicae
1460 1070 1586 1100 rationes.
1599 1072 1781 1111 [Praecipien-

983 1119 1022 1138 tes
1034 1120 1101 1148 ergo
1112 1110 1233 1145 jubemus
1243 1130 1249 1140 ‚
1268 1119 1298 1137 ut
1309 1108 1328 1137 fi
1340 1119 1504 1140 memoratus
1514 1112 1562 1140 ille
1582 1111 1616 1141 de
1627 1113 1716 1152 capite
1733 1112 1781 1141 suo

983 1152 1051 1179 bene
1062 1152 1196 1189 ingenuus
1205 1147 1255 1177 esse
1267 1149 1377 1179 videtur
1390 1173 1396 1184 ,
1416 1153 1483 1181 &in
1499 1153 1676 1191 polyPtycho
1695 1154 1781 1183 censi-

983 1201 1024 1219 tus
1035 1202 1092 1220 nou
1102 1191 1158 1224 est,
1170 1189 1311 1220 licentiam
1322 1189 1419 1221 habeat
1432 1203 1539 1226 comam
1550 1193 1644 1231 capitis
1653 1194 1705 1223 suis
1717 1205 1780 1223 ton-

983 1231 1072 1261 surare
1084 1253 1090 1259 .
1103 1230 1229 1261 Marculf-
1242 1231 1287 1260 lib.
1303 1242 1325 1259 1·
1337 1232 1474 1262 formular-
1486 1245 1509 1262 τ.
1525 1237 1591 1271 [9.]
1606 1235 1680 1264 Idest
1691 1256 1699 1268 ,
1720 1235 1739 1264 fi
1751 1236 1780 1263 in

984 1271 1141 1308 hujusmodi
1159 1271 1217 1301 fisci
1227 1293 1235 1304 ‚
1256 1272 1301 1300 seu
1319 1274 1420 1313 publici
1439 1275 1509 1303 libro
1536 1284 1663 1313 tanquam
1673 1276 1781 1304 debitor

985 1323 1093 1341 notatus
1103 1313 1151 1340 ille
1161 1313 1222 1341 talis
1236 1324 1294 1341 non
1306 1316 1338 1344 sit
1350 1334 1358 1342 .
1380 1321 1391 1349 [
1405 1315 1475 1351 Quia
1486 1316 1587 1344 notitia
1599 1315 1720 1352 ejusdem
1730 1317 1780 1345 do-

986 1353 1104 1382 nationis
1114 1364 1169 1381 non
1181 1363 1236 1381 erat
1246 1354 1280 1382 de
1291 1356 1475 1394 polyptychis
1483 1356 1626 1385 charaxata
1637 1377 1644 1384 .
1655 1358 1780 1396 D.Greg.

985 1395 1016 1423 in
1027 1393 1133 1433 Regist.
1145 1393 1191 1422 lib.
1203 1406 1228 1427 7·
1239 1407 1261 1424 c.
1273 1399 1341 1432 40.]
1365 1396 1506 1434 Significat
1525 1398 1556 1425 in
1565 1396 1618 1426 hoc
1628 1398 1690 1426 loco
1701 1400 1780 1426 volu-

985 1445 1049 1463 men
1069 1434 1239 1472 publicorum
1261 1437 1522 1466 instrumentorum.
1540 1438 1592 1467 Sed
1609 1438 1640 1466 in
1648 1439 1780 1478 aliquibus

985 1475 1167 1514 Gregorianis
1177 1476 1316 1505 codicibus
1326 1475 1455 1506 mendose
1464 1478 1590 1507 Politicis
1603 1488 1652 1516 pro
1661 1481 1782 1519 Polypty-

986 1517 1043 1545 chts
1061 1516 1191 1544 habetur.
1211 1517 1289 1554 Quid
1305 1527 1394 1547 autern
1412 1516 1556 1546 charaxata
1566 1518 1698 1557 significat
1711 1541 1718 1552 ‚
1738 1520 1782 1548 di-

987 1558 1060 1585 &um
1073 1556 1111 1585 est
1131 1556 1160 1584 in
1170 1557 1236 1585 dist.
1247 1563 1358 1587 Caraxo
1370 1579 1376 1585 .
1402 1560 1458 1587 PR.
1478 1558 1516 1586 ita
1526 1559 1610 1587 etiam
1620 1559 1650 1588 in
1662 1561 1782 1589 Aetione

993 1608 1035 1635 ¹3-
1048 1598 1135 1625 Sextae
1148 1599 1255 1633 Synodi
1271 1600 1302 1627 in
1315 1599 1413 1628 Trullo
1423 1598 1525 1637 legitur
1537 1601 1710 1639 [Gregorius
1721 1602 1783 1630 Deo

988 1638 1108 1667 amabilis
1117 1639 1256 1668 Diaconus
1268 1661 1276 1673 ,
1287 1644 1314 1669 ὅ(
1325 1638 1529 1677 chartophylax
1539 1640 1628 1668 dixit:
1643 1643 1782 1681 Polypty-

987 1678 1070 1707 chum
1080 1679 1217 1713 Domini,
1230 1681 1286 1709 sive
1296 1680 1456 1720 Registrum
1466 1701 1474 1714 ,
1495 1680 1524 1708 in
1535 1690 1590 1720 quo
1601 1683 1782 1711 continentur

988 1719 1153 1758 exemplaria
1165 1719 1334 1755 synodorum
1344 1743 1352 1754 ,
1362 1725 1414 1749 &c-

948 1761 1093 1789 Porms.
1117 1762 1174 1789 PR.
1193 1762 1443 1791 Tunicainterior.
1459 1761 1602 1800 Torrigius
1622 1762 1656 1791 de
1664 1763 1784 1801 Cryptis

987 1801 1116 1830 Vatican.
1131 1801 1306 1840 impreffione
1325 1802 1442 1831 secunda
1453 1823 1460 1834 ,
1483 1811 1545 1840 pag.
1557 1812 1569 1840 3
1579 1812 1625 1837 52.
1637 1803 1711 1833 Vide
1721 1805 1783 1841 Eso<

984 1842 1112 1879 pharium
1123 1861 1130 1869 .
1152 1845 1369 1881 Hypacanusum
1385 1863 1392 1870 .
1421 1845 1469 1872 An
1487 1843 1523 1871 fit
1535 1843 1628 1871 eadem
1638 1865 1646 1877 ‚
1659 1854 1687 1872 ac
1698 1845 1783 1883 pode-

990 1882 1026 1910 ris
1037 1903 1044 1910 .
1070 1883 1143 1911 Vide
1165 1884 1259 1913 Alba.

88 1923 244 1957 Portemus
255 1946 262 1953 .
278 1927 333 1954 FR.
344 1926 437 1955 Pullus
447 1925 569 1965 equinus,
579 1926 697 1955 asininus
706 1949 714 1961 ,
732 1925 778 1956 seu
791 1928 910 1956 mulinus
921 1949 929 1961 ‚
946 1926 1186 1953 POLYSTAURIUM
1204 1921 1384 1964 ’πολυςαύριον
1392 1945 1400 1957 ,
1411 1923 1480 1952 idest
1490 1945 1498 1957 ,
1513 1923 1632 1962 pluribus
1643 1925 1763 1955 crucibus
1774 1949 1783 1961 ‚

130 1965 150 1993 1.
160 1964 228 1993 item
237 1966 350 1995 relatam
362 1988 370 1999 ,
381 1966 414 1995 de
425 1967 572 2006 Pauperie.
584 1967 658 1996 Vide
667 1968 795 1996 Poledrus
807 1988 815 1996 .

89 2006 281 2036 Poiimcroa
295 2027 302 2035 .
325 2007 398 2036 Vide
412 2009 607 2037 silicernium.

89 2047 200 2075 Pomm
223 2048 337 2086 populi.
362 2048 435 2076 Vide
451 2053 616 2085 Jejum'um.

91 2086 312 2117 voluminum
323 2110 330 2116 .
355 2090 428 2117 Vide
450 2093 646 2118 Caemetermm
657 2109 664 2118 .

88 2125 331 2160 ΡοιΥςΑΝοειυΜ
350 2151 357 2162 ,
376 2127 585 2161 πολυκοίνὸηλον
605 2152 613 2163 ,
632 2128 822 2159 candelabrum
843 2130 932 2169 plures

130 2167 254 2197 candelas
267 2172 424 2198 continens.
440 2171 569 2207 [Obtulit
578 2170 794 2209 polycandelum
806 2172 931 2210 porphy-

132 2207 248 2238 reticum
257 2210 424 2249 pendentem
443 2212 474 2239 in
485 2212 598 2250 pergula
607 2222 671 2240 ante
681 2211 881 2241 confcffionem
901 2213 931 2240 in

132 2251 265 2279 catenulis
274 2252 358 2280 aureis
371 2273 377 2280 .
397 2252 493 2281 Anast.
505 2253 618 2281 Bibliot.
630 2253 660 2280 in
671 2254 763 2281 Leone
774 2254 831 2281 111.
843 2255 854 2284 ]
873 2255 928 2282 FR.

132 2290 177 2318 vel
193 2293 387 2331 Polycandelus
399 2293 530 2322 dicendus
541 2294 579 2322 est
590 2316 598 2327 ‚
615 2304 648 2322 ex
661 2293 689 2321 vi
700 2289 929 2329 adjestivmomi-

129 2330 173 2360 nis
181 2334 351 2362 Pendentem
362 2346 373 2368 ς
385 2334 429 2362 vel
441 2335 603 2373 corrigenda
614 2334 700 2363 distic
710 2335 878 2363 Pendentem
897 2335 928 2363 in

101 2381 105 2385 ’
131 2374 253 2403 Pendens
262 2396 271 2409 ,
289 2374 309 2404 si
328 2375 545 2413 Polycandelum
566 2375 716 2415 dicendum
732 2373 858 2407 sustineri
879 2375 927 2405 de-

932 2400 938 2437 l

987 1965 1096 2002 planeta
1106 1985 1114 1997 ‚
1125 1974 1224 2003 nempe
1233 1974 1310 1997 ,⁴erat
1321 1987 1329 1998 ,
1349 1965 1404 1993 five
1422 1964 1472 1992 alia
1482 1963 1554 1992 sacra
1566 1964 1649 1992 vestis
1658 1986 1667 1999 ‚
1686 1966 1720 1994 de
1732 1977 1784 2004 qua

988 2004 1044 2033 fuse
1053 2005 1082 2032 in
1093 2005 1158 2033 dist.
1168 2007 1339 2036 Gammadia
1349 2006 1456 2044 egimus
1465 2025 1472 2032 .
1485 2005 1559 2034 Vide
1568 2006 1652 2039 etiam
1663 2008 1767 2045 Casula
1775 2029 1784 2036 .

985 2051 1170 2074 Stauracamas
1180 2065 1187 2073 .

947 2083 1115 2120 PoixszA
1127 2107 1135 2119 ,
1149 2083 1283 2118 minoeia
1292 2109 1300 2120 ‚
1312 2086 1461 2116 multitudo
1469 2085 1609 2115 idolorum
1619 2108 1627 2120 ‚
1652 2087 1725 2125 quod
1735 2099 1786 2117 vo-

987 2127 1110 2155 cabulum
1122 2127 1258 2165 reperitur
1269 2128 1298 2156 in
1311 2127 1419 2166 Justino
1430 2129 1511 2155 Mart.
1523 2137 1593 2156 orat.
1613 2126 1646 2155 ad
1656 2138 1734 2167 gent.
1753 2130 1784 2157 in

986 2169 1013 2196 S.
1026 2166 1186 2206 Epiphanio
1197 2190 1205 2200 ,
1217 2167 1312 2197 hzrefi
1327 2190 1335 2201 ,
1353 2179 1400 2206 37.
1413 2171 1439 2196 ὅ(
1450 2167 1480 2195 in
1490 2169 1528 2197 D.
1541 2168 1697 2206 Augustino
1707 2191 1716 2202 ‚
1736 2169 1784 2197 lib.

990 2213 1014 2236 8.
1028 2208 1154 2237 ConfeflL
1166 2219 1224 2247 cap.
1238 2221 1264 2238 z..
1286 2210 1330 2238 ubi
1347 2210 1382 2238 sic
1392 2208 1488 2237 habet:
1512 2209 1674 2243 [Nobilitas
1692 2209 1784 2236 inflata

984 2248 1099 2287 spirabat
1110 2250 1282 2288 polytliejarn
1294 2253 1306 2282 ]
1317 2254 1344 2279 δ(
1356 2250 1385 2278 in
1398 2249 1529 2288 aliquibus
1539 2248 1684 2291 Augustini
1694 2247 1784 2276 Codi-

984 2291 1056 2318 cibus
1067 2301 1208 2329 perperam
1216 2291 1309 2329 Populi
1320 2291 1407 2328 usiam
1418 2311 1427 2323 ‚
1445 2292 1557 2329 &pejus
1574 2299 1606 2317 in
1621 2288 1680 2316 aliis
1689 2287 1783 2325 Populi

983 2335 1069 2359 etiam
1089 2331 1193 2370 legitur
1202 2351 1209 2358 .

942 2373 1118 2404 Pommi'ion
1128 2394 1137 2407 ,
1161 2372 1319 2413 pompofior
1338 2372 1411 2409 [Sed
1421 2368 1590 2409 Circensium
1598 2367 1679 2408 paulo
1687 2377 1783 2406 prom-

1697 2418 1744 2447 93-
