1866 2526
142 43 219 101 386
477 36 498 83 ‘1
530 40 578 82 Ν

1283 29 1383 75 ΙΝ

131 104 232 132 riican.
248 110 272 137 ς.
283 99 334 129 Sed
345 97 374 128 in
385 92 856 138 diplomatibusimperialibus‚&in
865 90 926 122 aliis
942 92 1134 122 Inniscussus
1145 113 1153 122 .
1175 93 1233 122 FR.
1243 89 1345 121 solutus
1364 102 1378 118 a
1396 89 1547 123 rationibus
1571 91 1786 126 administratio,

129 142 319 173 instrumentis
338 141 506 180 principium
517 140 634 169 sumebat
653 141 683 168 ab
707 135 926 168 s.1<a1.06tobr.

132 183 346 223 [Constantino
374 183 528 221 imperante
549 192 623 210 anno
642 179 751 210 Christi
777 189 844 218 3¹3·
863 184 927 204 ante

131 226 207 255 diem
220 231 245 255 8.
254 224 369 254 Kalend.
380 223 510 253 Ostobris
519 245 527 256 ,
546 233 601 261 quo
611 221 657 250 die
668 222 754 251 victus
765 220 803 248 est
814 219 929 247 Maxen—

983 132 1042 176 φὶςἶ
1062 134 1139 176 [Sed
1158 132 1311 162 scholastici
1330 131 1462 162 dixerunt
1479 154 1487 166 ‚
1509 135 1572 174 quia
1591 136 1626 164 de
1651 135 1785 167 fraudibus

983 171 1140 202 mdlscussus
1150 173 1200 218 effe
1210 184 1267 203 non
1275 174 1363 212 potest
1372 195 1379 202 .
1393 176 1432 204 D.
1442 176 1528 216 Greg.
1538 177 1584 206 hb.
1601 188 1623 206 1.
1644 176 1723 217 epist.
1737 189 1784 215 42.

944 216 1095 246 INDITIUM
1105 235 1112 243 .
1132 215 1206 244 Vide
1216 215 1410 253 Intersignium
1419 237 1426 245 .

132 267 204 301 tius,
221 265 391 305 Religioque
401 263 557 293 Christiana
577 263 772 291 inlibertateni
790 258 931 288 vindicam
945 259 1164 286 Iumvmmrns
1179 277 1186 289 ,
1209 254 1423 294 inseparabilitas
1434 277 1441 284 .
1463 263 1477 294 1
1491 258 1536 289 Ad
1546 258 1657 288 initium
1675 257 1788 289 revocat

133 309 172 337 est
184 319 191 339 ς
216 319 282 347 ergo
292 306 362 345 quasi
378 304 537 343 primordiis
546 303 714 332 Christianae
734 300 867 331 libertatis
878 296 931 327 Ni-

987 296 1159 326 matrimonii
1171 296 1397 327 individuitatem
1407 319 1414 326 .
1422 301 1498 329 Tert.
1507 301 1541 329 de
1553 309 1712 340 monogam.
1723 312 1747 329 c.
1762 308 1787 335 ςι

134 348 205 377 czeni
215 350 382 378 Conventus
392 345 554 374 auctoritate
566 344 723 372 institutum
733 343 812 375 est‚ut
823 337 932 368 sublatis
948 340 1197 367 Iunommcmus
1209 359 1217 372 ‚
1236 339 1424 376 appropriatus
1434 360 1442 373 ,
1463 341 1500 370 de
1509 352 1563 380 quo
1575 342 1706 371 mmbulo
1715 340 1786 379 ssepe

132 389 344 428 olympiadibus,
355 395 491 415 annorum
501 386 570 414 ratio
581 386 610 412 ab
621 395 653 413 eo
663 393 788 422 tempore
798 381 930 410 iniretur:

134 431 169 460 sic
179 440 208 459 ut
227 428 404 469 quindecimo
414 437 522 495 quo3ue
531 436 604 454 anno
615 435 689 454 nova
710 423 775 452 ess'et
793 420 932 454 indictio,-

135 472 202 500 anni
214 481 304 499 autem
319 469 417 508 singuli
438 468 466 496 in
490 466 599 495 lenonis
610 474 837 505 computarentur
849 483 855 490 .
874 463 936 491 Ho-

133 513 303 542 tomannus]
327 511 364 543 ²ll³
378 509 423 537 sed
438 509 518 537 aliter
530 507 673 546 colligitur
693 517 727 534 ex
739 503 867 535 Gratiani
878 505 937 532 Im·

989 379 1019 408 in
1029 379 1225 408 donationibus
1237 379 1361 408 Ecclefiae
1374 379 1564 411 favorabilibus
1573 404 1581 416 ‚
1599 392 1629 411 ut
1641 383 1733 412 Vinea
1744 391 1787 409 in-

989 419 1174 452 dominicata,
1195 422 1335 449 Horreum
1354 421 1581 451 indominicatum
1594 445 1601 456 ,
1620 427 1647 453 &
1668 423 1766 452 similia
1779 444 1786 455 ,

991 461 1060 490 idest
1069 483 1077 495 ‚
1096 460 1142 490 sub
1151 460 1207 490 sola
1217 462 1386 500 proprietate
1397 462 1495 491 dii-esti
1507 463 1614 493 domini
1626 485 1633 493 .
1652 465 1725 494 Vide
1734 469 1788 492 Do-

991 502 1135 532 minicalc‘s
1146 524 1154 535 ,
1164 505 1382 531 Dominicatura
1395 525 1402 531 .

135 553 268 593 peratoris
288 551 424 588 rescripto
435 549 479 577 lib.
495 553 537 577 18.
556 548 590 576 de
601 558 712 577 annona
725 569 733 580 ‚
754 551 780 575 ὃ(
792 546 896 574 tributo
906 543 936 572 in
952 546 1068 574 ism-co
1080 565 1087 576 ,
1099 543 1191 572 illinio
1202 564 1210 577 ,
1221 542 1289 572 casto
1300 565 1307 576 ‚
1319 544 1413 573 aboleo
1424 564 1431 571 .
1450 543 1610 580 [Possumus
1620 548 1672 581 jam
1681 545 1789 575 consffi-

133 595 210 623 Cod.
223 590 361 623 Theodos.
372 591 502 619 nimirum
515 610 523 622 ,
542 589 616 627 quod
638 594 662 618 8.
675 589 732 617 Kal.
741 588 859 617 Oftobr.
870 584 937 613 inci-

136 635 226 675 piebnt
236 633 353 662 indictio
365 654 373 665 ‚
391 632 455 670 quia
467 633 596 666 tuncjam
607 641 716 658 annona
735 629 850 657 collec‘Ia
861 635 937 658 erat,

136 677 173 705 ita
185 685 214 704 ut
225 672 408 712 unusquisque
419 672 528 701 solvere
540 681 649 710 poterat
660 671 842 699 indiRionem
853 688 860 695 -
882 669 937 697 FR.

134 716 202 745 hinc
214 715 241 744 in
254 726 313 743 can.
326 717 453 749 Maiores,
469 724 478 740 i
487 720 513 741 6.
525 723 569 751 qu.
586 723 628 745 17.
639 711 697 740 hoec
709 711 854 741 habentur,
866 719 937 738 nem.

136 767 170 796 pe
182 772 186 786 :
201 759 344 793 [Major-es
355 754 441 784 nostri
452 754 515 782 ideo
522 753 606 791 copiis
618 752 743 780 omnibus
754 750 921 780 abundabant
930 770 938 782 ‚

136 799 201 837 quia
211 798 327 826 decimas
346 797 408 825 Deo
419 795 518 823 dabant
529 815 538 827 ‚
561 797 587 822 ὃ(
600 793 706 822 Caesari
725 791 835 821 censum
845 792 940 820 redde-

135 841 201 868 bant
211 859 219 866 .
230 839 317 867 Modo
329 846 418 866 autem
428 858 435 869 ,
446 836 508 873 quia
517 833 635 863 discessit
647 834 762 862 devotio
772 833 844 865 Dei,
855 831 934 860 acces·

136 881 170 909 sit
181 879 298 908 indictio
311 877 368 907 fisci
380 898 387 905 .
408 877 544 906 Nolumus
556 875 652 914 partiri
660 884 721 903 cum
731 876 794 903 Deo
803 872 920 902 decimas
932 885 939 903 ς

139 921 224 950 modo
235 929 324 949 autem
337 918 448 947 tollitur
458 926 549 946 totum
559 937 565 943 .
590 918 653 945 Hoc
664 916 741 944 tollit
751 915 828 944 fiscus
839 936 846 947 ,
866 914 940 953 quod

992 585 1128 614 tationem
1138 595 1212 613 tuam
1221 585 1350 613 inducere
1361 605 1368 612 .
1379 585 1496 614 Tertull.
1506 586 1540 614 de
1550 586 1612 626 fuga
1621 587 1649 615 in
1658 587 1790 625 persecut.

993 637 1047 664 cap.
1060 638 1086 661 4.
1098 629 1110 657 ]
1123 625 1189 654 idest
1202 648 1210 658 ‚
1230 626 1352 663 ineptam
1364 627 1438 654 illius
1457 626 1692 656 consultationem
1702 638 1715 656 a
1734 637 1790 655 me-

993 667 1081 696 moria
1091 667 1198 695 delere.
1221 666 1428 704 [Amplissimis
1438 667 1528 696 verbis
1539 668 1720 698 collaudatum
1733 691 1740 701 ,
1762 669 1791 696 in

993 708 1133 746 integrum
1144 707 1264 736 restituit
1275 729 1282 739 ,
1301 707 1414 736 indueto
1425 707 1511 746 priori
1523 709 1637 738 decreto
1646 730 1654 736 .
1677 709 1791 737 Sveton.

994 749 1024 778 in
1036 747 1137 777 Caesar.
1149 751 1160 780 ]
1174 751 1229 778 PR.
1241 752 1276 777 Et
1286 747 1349 776 alibi
1360 749 1461 777 ibidem
1473 760 1479 777 ε
1494 755 1506 785 [
1518 750 1606 778 Multa
1618 753 1645 779 δ(
1655 749 1753 782 deleta',
1764 752 1793 776 ὅ(

994 789 1104 833 ἰηάιιᾷα
1116 811 1124 822 ,
1134 793 1160 818 ὃ(
1171 787 1465 828 superscriptainerant
1476 810 1482 817 .
1496 792 1506 821 ]
1530 791 1650 818 Verbum
1661 791 1727 827 juris
1738 789 1775 817 est
1787 809 1794 820 ,

995 835 1022 860 δε
1032 841 1112 869 origo
1132 841 1161 858 ea
1171 830 1209 858 est
1220 851 1228 862 ,
1248 830 1310 868 quia
1322 840 1381 868 quze
1394 840 1423 858 in
1435 828 1610 869 pugillaribus
1631 831 1716 859 cereis
1727 830 1793 858 stri-

996 882 1043 910 pta
1053 880 1131 899 erant
1143 892 1150 904 ‚
1169 871 1251 899 dueto
1262 881 1308 909 per
1317 880 1406 900 ceram
1425 871 1499 906 stylo
1508 871 1639 901 interlini
1648 870 1792 902 solebant,

996 917 1023 942 &
1033 912 1192 942 obliterari.

138 973 197 991 non
207 962 307 999 accipit
319 958 447 989 Christus
458 979 464 986 .
477 960 488 990 ]
509 959 547 992 εΗε
560 959 657 996 Itaque
667 957 789 985 Indifflo
800 956 902 993 duplex
916 966 940 983 e<
957 955 1129 982 Ixncvicono
1139 973 1146 981 .
1166 951 1239 980 Vide
1259 952 1391 981 Edttlcoro
1401 972 1408 980 .

139 1013 181 1032 rat
192 1025 198 1035 ‚
220 1001 377 1039 Imperialis
388 1022 394 1032 ,
413 1004 440 1029 ὅ(
452 998 600 1028 Pontificio.
612 1019 621 1030 ‚
639 997 687 1025 illa
707 996 853 1036 incipiebat
874 996 905 1024 ab
917 1000 940 1024 8.
957 996 1169 1023 INDULGEN'l'ln
1181 1014 1188 1026 ,
1206 993 1237 1021 in
1247 992 1314 1021 festo
1323 992 1433 1027 alicujus
1443 992 1532 1022 Sansti
1543 993 1664 1022 concessa
1675 991 1793 1031 acquiri-

140 1044 198 1073 Kal.
208 1041 342 1073 Oc‘tobris
351 1064 358 1074 ‚
371 1043 470 1069 Baron.
482 1049 590 1077 ann.31
599 1050 624 1067 z.
638 1049 666 1067 n.
680 1049 744 1074 109.
755 1037 815 1066 haec
825 1047 915 1066 autem
927 1047 939 1064 a

140 1085 186 1114 die
196 1082 361 1113 Nativitztis
370 1081 501 1114 Domini,
514 1080 584 1110 idest
596 1101 603 1112 ,
614 1078 673 1117 post
686 1088 740 1107 tres
751 1078 857 1107 menses
867 1078 942 1106 indi-

997 1045 1040 1063 tur
1049 1035 1173 1072 quamvis
1184 1035 1212 1062 in
1225 1044 1258 1062 eo
1267 1033 1312 1062 die
1324 1033 1420 1062 festum
1430 1044 1487 1062 non
1506 1034 1656 1062 celebretur
1666 1043 1699 1061 ex
1712 1032 1796 1070 impe-

996 1076 1123 1104 dimento
1130 1075 1268 1114 dignioris
1278 1075 1363 1102 officii
1375 1095 1382 1102 .
1395 1074 1468 1103 Vide
1480 1077 1590 1103 Oc'z‘ava
1599 1096 1606 1107 ,
1619 1077 1708 1107 Statio
1717 1094 1725 1101 .

138 1124 241 1154 &ionis
255 1122 410 1162 Imperialis
420 1122 537 1160 inceptae
549 1143 556 1153 ‚
577 1130 636 1159 quae
647 1120 735 1158 prima
749 1120 809 1148 vice
820 1119 849 1147 in
861 1120 942 1148 Con-
957 1117 1135 1145 INDUMENTA
1147 1117 1243 1145 SACRA
1254 1136 1261 1143 .
1284 1115 1356 1143 Vide
1366 1119 1459 1144 Arma
1469 1116 1659 1144 Sacerdotalia
1672 1136 1678 1145 ,
1702 1115 1778 1151 testis
1790 1132 1797 1139 ·

140 1167 209 1196 cilio
228 1163 436 1194 Constantiensi
458 1163 487 1191 in
496 1161 544 1191 usu
556 1161 641 1200 posita
651 1161 702 1189 fuit
713 1182 720 1189 .
739 1162 814 1189 Item
825 1161 942 1188 Indic'i‘io

140 1207 276 1246 appellata
288 1205 325 1233 est
336 1205 505 1242 Distributio
516 1225 524 1236 ,
546 1206 574 1231 ὅ(
584 1202 677 1239 Fufio,
690 1203 735 1230 adi
748 1200 898 1229 Baronium
910 1200 943 1228 ad

140 1260 184 1277 an.
195 1259 209 1286 3
221 1258 263 1276 ιι.
275 1256 349 1274 num.
368 1249 429 1273 108.
441 1244 590 1282 Appellato.
599 1252 689 1271 autem
700 1243 738 1271 est
749 1240 942 1281 indistimquia

957 1158 1140 1186 innixum-ns
1154 1177 1161 1184 .
1175 1158 1232 1186 I-R.
1245 1155 1388 1184 investitus
1399 1176 1406 1183 .
1431 1157 1541 1192 [Cujus
1552 1154 1697 1194 dignitatis
1707 1153 1798 1182 hono-

997 1208 1026 1227 re
1037 1197 1184 1226 indusiatus
1194 1218 1202 1230 ‚
1220 1200 1248 1226 ἃ
1258 1207 1272 1225 a
1284 1197 1412 1234 Principe
1425 1198 1505 1236 regni
1516 1197 1644 1235 legaliter
1655 1193 1799 1225 inthroni-

997 1248 1069 1267 zatus
1081 1258 1088 1266 .
1106 1240 1142 1267 In
1153 1238 1210 1266 vita
1222 1238 1248 1266 S.
1262 1237 1392 1266 Adelardi
1404 1238 1472 1266 Abb.

143 1291 300 1327 Imperator
313 1286 387 1315 illam
398 1285 580 1314 denunciabat
593 1305 600 1316 ‚
620 1283 695 1311 idem
706 1285 803 1312 Baton.
818 1281 884 1310 ibid.
897 1292 941 1309 nu.
957 1279 1101 1307 Iit-[mox
1112 1298 1118 1306 .
1132 1278 1206 1306 Vide
1215 1278 1333 1306 Debrior
1342 1298 1349 1305 .
1360 1279 1512 1307 Inebriatus
1524 1299 1530 1306 .
1542 1278 1616 1305 Vide
1628 1277 1781 1304 Debriatus
1791 1295 1797 1301 .

145 1341 209 1359 110.
221 1327 340 1364 Quando
352 1349 359 1360 ‚
372 1330 400 1355 δε
411 1336 494 1364 quare
506 1326 621 1354 inventa
631 1324 662 1352 sit
674 1324 806 1356 indictio,
819 1323 884 1351 ibid.
896 1332 941 1350 nu.
957 1320 1161 1348 Iuemmssms
1175 1340 1182 1351 ‚
1202 1317 1318 1356 quinon
1338 1327 1458 1346 meretur
1468 1339 1474 1346 .
1501 1320 1592 1352 [Non
1603 1317 1664 1356 quia
1685 1326 1729 1344 aut
1740 1315 1800 1343 sub-

145 1377 209 1400 106.
226 1380 288 1401 107.
299 1372 326 1397 δε
342 1372 403 1396 108.
413 1366 582 1405 Justinianus
594 1367 750 1403 Imperator
763 1387 770 1398 ,
789 1374 819 1392 ut
830 1364 858 1392 in
876 1362 941 1391 scri-

141 1410 230 1451 pturis
240 1418 424 1448 apponeretur
436 1429 443 1439 ,
466 1406 574 1443 jusserat
585 1429 593 1439 ,
605 1405 679 1434 idem
689 1409 788 1436 Baron.
799 1415 860 1433 ann.
875 1415 940 1442 537.

141 1462 217 1482 num.
234 1462 276 1487 ¹9·
288 1448 466 1478 Cassiodorus
477 1447 583 1476 indicat
596 1447 707 1475 modum
719 1446 855 1475 invenien
866 1448 886 1473 ’.i
900 1446 943 1472 in-

139 1493 293 1522 diffitionem
302 1490 373 1529 apud
383 1489 501 1518 eundem
513 1491 612 1517 Baron-
623 1494 738 1523 an.56z.
750 1498 808 1523 n.5.
820 1488 855 1515 In
866 1488 944 1514 Grae-

140 1543 236 1562 corum
247 1541 338 1562 autem
350 1529 421 1560 fastis
430 1529 544 1558 habetur
554 1551 562 1563 ‚
580 1529 655 1567 quod
666 1538 752 1567 prima
773 1528 834 1557 vice
845 1525 945 1564 coepis-

141 1574 201 1604 sent
211 1573 377 1602 indictiones
387 1570 526 1600 nominari
536 1571 567 1598 in
577 1570 711 1608 praedic‘lo
721 1580 762 1597 an.
774 1579 787 1607 3
799 1580 806 1596 1
816 1580 841 1597 ι.
853 1568 898 1596 ubi
911 1567 944 1595 sic

138 1612 475 1649 habemnsindifflonum
485 1610 778 1641 Constantinianarum
788 1608 855 1637 hinc
866 1618 946 1636 exor-

142 1657 219 1685 dium
229 1676 236 1683 .
249 1657 261 1687 ]
274 1657 329 1684 FR.
342 1653 502 1692 Aliquando
514 1651 681 1681 indistiones
692 1661 753 1679 cum
763 1651 877 1678 nomine
890 1651 947 1678 Im-

138 1696 262 1737 perantis
274 1704 406 1724 notantur
417 1716 425 1727 ,
436 1704 466 1721 ut
477 1694 594 1722 Indiam
607 1693 769 1721 Valentiam
781 1713 790 1724 ‚
803 1702 815 1719 a
829 1690 947 1719 Valente
960 1704 963 1708 »

998 1359 1103 1388 stantiae
1125 1358 1174 1397 ipsi
1194 1357 1367 1386 inemeribile
1386 1358 1437 1391 sit,
1466 1368 1512 1386 aut
1530 1359 1591 1386 Deo
1612 1355 1797 1395 impossibile.

998 1400 1114 1429 Tertull.
1126 1398 1231 1427 advers.
1242 1398 1374 1429 Valent]
1391 1399 1464 1427 Vide
1474 1400 1607 1436 Indignus
1619 1418 1626 1426 .

958 1442 1070 1471 quxvo
1083 1461 1090 1468 .
1115 1442 1171 1469 PR.
1185 1443 1296 1468 Enervo
1306 1460 1313 1471 ,
1323 1437 1440 1468 debilito
1452 1460 1458 1466 .

1041 1483 1151 1510 Humor
1162 1481 1192 1508 in
1203 1480 1280 1508 venis
1290 1479 1451 1508 dominetur
1462 1488 1564 1518 aegrum
1575 1500 1583 1511 ‚

1039 1524 1149 1560 Corpus
1169 1521 1279 1549 inervat
1288 1540 1295 1548 .

1000 1563 1166 1596 Prudentius
1177 1562 1205 1590 in
1217 1560 1325 1596 hymno
1334 1559 1394 1598 post
1405 1560 1547 1600 jejunium
1557 1580 1564 1587 .

1001 1618 1145 1626 ————-
1154 1617 1211 1621 —
1228 1604 1274 1630 Ne
1284 1611 1396 1639 torpens
1407 1623 1414 1634 ,
1435 1604 1464 1630 ὃ(
1474 1599 1625 1629 inexercita
1639 1598 1725 1629 virtus

1043 1641 1140 1671 Robur
1150 1640 1304 1671 inervatum
1313 1651 1421 1680 gereret
1431 1643 1486 1670 fine
1499 1641 1574 1670 laude
1585 1641 1707 1679 palestrae
1719 1659 1727 1667 .

1004 1683 1085 1712 Idem
1095 1681 1140 1709 lib.
1152 1692 1177 1709 2.
1190 1693 1286 1711 contra
1297 1682 1490 1718 Symmachum
1501 1702 1507 1708 .

140 1740 321 1776 Imperatore,
333 1736 401 1763 1.10.
413 1734 447 1762 de
458 1734 565 1772 indulg.
577 1736 604 1761 δε
615 1733 774 1768 debit-c.75.
787 1732 872 1765 :11:In
883 1729 948 1758 scri·
964 1727 1149 1754 Ineveuruo
1163 1741 1170 1749 .
1189 1725 1245 1752 FR.
1256 1724 1390 1751 Eventilo
1400 1743 1406 1751 .
1431 1720 1540 1758 [Paleis
1562 1731 1628 1750 vero
1642 1720 1733 1749 [cenni
1748 1719 1806 1747 ine-

143 1779 228 1819 pturis
239 1776 423 1806 ecclesiasticis
434 1775 520 1813 prima
530 1774 638 1802 mentio
648 1774 790 1802 invenitur
801 1772 831 1800 in
843 1772 948 1800 Conci-

140 1821 182 1849 lio
193 1822 323 1848 Romano
334 1815 380 1844 sub
391 1816 467 1856 Julio
478 1818 548 1854 Papa
557 1813 662 1847 Primo,
674 1817 701 1843 ὅ(
711 1814 740 1842 in
752 1812 830 1852 epist.
843 1813 866 1841 S.
880 1815 949 1841 Am-

141 1859 213 1890 bros.
226 1859 259 1888 ad
267 1857 398 1888 AEmiliae
409 1855 559 1895 Episcopos
569 1876 578 1884 .
597 1855 672 1884 Vide
682 1857 786 1892 Epac‘z‘a
798 1875 804 1882 .

103 1903 267 1931 Ismenius
279 1921 286 1933 ,
307 1897 448 1928 citationis
459 1897 555 1926 cedula
567 1917 574 1924 .
596 1896 761 1931 [Indiculus
772 1894 846 1934 Regi

142 1942 284 1982 piscopum
296 1961 302 1967 .
324 1937 503 1969 Marculslib.
522 1949 544 1966 1.
565 1937 676 1966 formul.
695 1947 719 1965 c.
732 1938 784 1968 6.]
806 1939 841 1965 Et
853 1935 948 1963 clarius

143 1983 235 2012 idem:
261 1982 314 2017 [Si
326 1979 535 2009 sacramentales
554 1977 681 2007 homines
700 1987 761 2006 cum
779 1976 839 2016 ipso
851 1976 948 2006 venire

142 2023 289 2053 renuerint
300 2044 308 2055 ,
328 2020 448 2058 jussione
459 2020 600 2049 dominica
610 2040 619 2052 ,
642 2029 687 2048 aut
704 2017 829 2047 indiculo
841 2039 849 2051 ‚
859 2026 905 2046 aut
916 2017 948 2046 si-

143 2064 214 2103 gillo
226 2064 259 2092 ad
278 2063 412 2102 palatium
434 2061 530 2090 venire
538 2070 674 2100 cogantur
686 2081 695 2093 ,
714 2059 761 2088 lib.
771 2069 798 2097 3.
809 2069 865 2097 cap.
877 2068 890 2096 3
900 2059 948 2089 8.]

141 2114 246 2134 nomen
264 2105 339 2133 enim
350 2103 388 2132 est
406 2102 609 2132 diminutivum
627 2101 753 2134 Indicis,
776 2099 838 2138 quia
856 2098 950 2127 cedula

145 2145 302 2183 Superioris
315 2153 484 2183 praeceptum
493 2143 599 2171 indicat
608 2163 615 2170 .

102 2186 282 2215 Innio-‚ruins
296 2207 303 2217 ,
325 2183 515 2223 indigestio-J
537 2186 578 2213 At
598 2182 678 2211 dives
696 2180 782 2211 variis
799 2179 952 2218 crapulatus

142 2225 254 2255 ferculis
263 2246 270 2257 ,
285 2225 315 2253 in
324 2226 459 2264 digericm
467 2224 542 2253 suam
553 2224 672 2253 rustabat
681 2222 714 2252 ad
723 2222 825 2251 coelum
837 2241 844 2248 .
856 2219 953 2256 Chry-

142 2267 194 2296 sol.
204 2267 289 2295 Serm.
307 2276 337 2295 ιι
348 2277 371 2294 i.

104 2309 253 2338 INmomvs
266 2327 275 2336 .
299 2308 356 2336 FR-
380 2311 392 2341 [
404 2305 533 2345 Indignis
551 2314 639 2344 portae
669 2303 838 2344 dignitatum
859 2310 953 2341 patere

143 2360 201 2378 non
211 2348 316 2377 debent
328 2369 336 2381 ,
361 2347 405 2375 lib.
432 2347 597 2383 5.decretal.
618 2346 662 2375 tit.
673 2356 686 2385 3
698 2356 721 2374 i.
740 2353 798 2384 cap.
813 2354 857 2373 11.
880 2342 953 2372 Vide

144 2395 175 2419 ln
184 2389 335 2417 emeribilis
347 2408 353 2416 .

1003 1762 1147 1793 ventilatis
1158 1765 1247 1793 multo
1260 1773 1396 1802 tempore,
1406 1763 1517 1801 velique
1526 1760 1630 1800 sagello
1641 1760 1805 1791 constrffilss,

1005 1805 1172 1844 pellicioque
1182 1804 1354 1843 superposito
1365 1803 1538 1843 conquievit.
1546 1804 1583 1830 In
1593 1802 1650 1831 vita
1660 1802 1686 1831 S.
1697 1804 1807 1840 Eugen-

1004 1847 1032 1875 di
1045 1846 1112 1875 Abb.
1127 1855 1150 1873 1.
1162 1845 1273 1881 Januar.

850 1905 860 1922 ς
870 1894 903 1922 ad
915 1897 949 1922 E-
965 1888 1190 1918 Isi-Asamum
1201 1909 1209 1920 ‚
1220 1886 1418 1924 incompositus
1431 1906 1438 1917 ,
1448 1883 1592 1913 inornatus
1604 1903 1610 1911 .
1634 1881 1686 1918 [Si
1696 1879 1807 1909 infabri-

1005 1939 1060 1956 cata
1080 1927 1160 1956 verba
1171 1928 1245 1956 intra
1263 1927 1447 1955 verecundum
1467 1925 1606 1964 penetrale
1628 1923 1788 1952 contineam
1800 1941 1809 1948 .

1006 1968 1115 1998 Ennod.
1127 1968 1218 1996 Ticin.
1231 1967 1358 2006 Episcop.
1370 1968 1399 1996 in
1409 1978 1435 2000 7.
1447 1966 1579 1995 Dietione
1589 1984 1596 1995 ι

966 2013 1082 2040 ΙΝΡΑΝο
1096 2031 1103 2043 ,
1115 2008 1231 2047 profano
1243 2021 1248 2036 :
1265 2009 1378 2043 [Quem
1388 2009 1418 2036 in
1427 2015 1619 2044 contemptum
1630 2003 1695 2035 Dei,
1707 2007 1734 2032 δ(
1746 2003 1810 2031 San-

1005 2052 1110 2079 &orum
1121 2053 1177 2084 ejus
1189 2061 1246 2078 non
1255 2049 1362 2078 fuerant
1374 2045 1520 2077 creduliter
1532 2046 1654 2075 infanare
1675 2042 1791 2072 reveriti
1803 2062 1811 2071 .

1008 2094 1044 2120 In
1057 2092 1114 2119 vita
1126 2092 1150 2120 S.
1162 2091 1259 2119 Caroli
1270 2089 1392 2119 Comitis
1405 2109 1412 2117 .

967 2134 1075 2161 INiANs
1088 2152 1095 2163 ,
1108 2132 1179 2170 apud
1191 2131 1384 2160 ecclesiasticos
1394 2128 1542 2167 scriptores
1551 2134 1752 2164 nonnunquam
1761 2133 1812 2162 pro

1007 2172 1088 2202 servo
1097 2176 1124 2201 ἃ
1135 2172 1262 2201 ministro
1272 2167 1740 2210 accipitur.[SaturninusPresbyter
1750 2173 1811 2193 cum

1009 2214 1075 2243 siliis
1085 2223 1203 2252 quatuor
1214 2234 1222 2246 ‚
1234 2213 1326 2251 primo
1336 2211 1485 2241 Saturnino
1494 2210 1606 2246 juniore
1617 2229 1624 2241 ,
1635 2211 1663 2236 &
1674 2206 1762 2235 Felice
1772 2205 1812 2232 le-

1010 2255 1128 2284 croi-ibus
1138 2276 1146 2287 ,
1168 2254 1254 2282 Maria
1273 2251 1476 2282 sanffimoniali
1487 2273 1495 2283 ,
1525 2249 1672 2278 Hilarione
1689 2246 1793 2275 infante
1802 2264 1810 2272 .

1010 2298 1069 2326 Sur.
1081 2297 1110 2324 in
1132 2295 1187 2323 vita
1198 2295 1242 2323 SS.
1255 2295 1319 2323 Dat.
1330 2295 1384 2322 Fel.
1395 2297 1423 2322 δε
1434 2292 1519 2331 Apul.
1532 2293 1543 2322 ]
1570 2290 1625 2326 Qui
1635 2295 1728 2316 omnes
1746 2284 1812 2328 dum

1009 2338 1039 2366 in
1049 2337 1163 2375 quadam
1175 2336 1282 2374 privata
1291 2335 1376 2363 domo
1387 2333 1457 2362 sacra
1468 2331 1657 2361 ministrabant
1667 2348 1676 2360 ,
1686 2328 1812 2360 Tyranni

1008 2378 1076 2416 juss‘u
1084 2375 1274 2418 comprehensi
1283 2374 1346 2406 sunt
1356 2397 1366 2416 ἒ
1377 2385 1445 2414 ergo
1455 2372 1587 2405 Hilarion
1596 2365 1794 2439 infiznsafervus
1803 2386 1813 2399 ‚

1719 2416 1772 2436 mi-
