1866 2526
489 31 599 74 PR

132 91 161 123 se
171 114 179 123 .
199 91 314 124 Ecclesia
324 98 419 120 tamen
432 87 558 121 Romna
567 88 612 118 his
629 88 782 127 Sequentiis
792 88 879 119 utitur
896 87 926 117 in

134 133 231 166 Missai
242 140 340 170 nempe
349 130 449 160 Lenda
455 134 520 159 Sion
529 130 716 162 savatorem,
725 139 804 169 quam
813 128 929 160 D.Tho-

136 178 200 204 mss·
210 171 335 212 Aquinas
343 169 497 208 composuit
507 190 514 198 .
534 173 597 198 Veni
606 171 702 198 sande
709 173 829 208 spiritns
846 179 862 199 a
870 172 928 200 Ru—

138 224 219 254 petto
225 211 380 242 Galliarum
389 213 469 250 Rege
479 220 553 240 :inno
567 220 650 247 1003.
663 208 763 249 scripta
774 231 783 243 ,
802 209 928 240 Dursnd.

136 255 254 285 ibidem.
272 252 333 281 Alii
345 261 436 280 tamen
448 252 595 281 Auctorem
606 251 799 279 Hermannum
808 252 930 280 Contra-

132 296 205 323 ctum
215 293 318 323 faciunt
327 312 336 319 .
355 295 468 322 nfirma
478 291 605 328 Paschalt
613 290 711 319 laudes
718 291 929 334 ignoraturpAu-

134 335 193 364 c'kor
205 355 214 363 .
223 338 290 363 Dies
303 337 345 361 ira
359 354 367 366 ‚
378 333 435 361 dies
446 332 507 362 ulla.
517 341 598 369 quam
607 330 692 369 aliqui
702 331 739 358 D.
751 334 928 375 Gregorium,

131 374 183 404 alii
196 376 236 404 D.
247 373 415 403 Bernardum
426 369 606 410 composuiss'e
617 380 738 414 putant,-
760 374 881 415 Bzorius
900 380 929 398 in

134 415 283 445 Ecclesmst.
303 414 406 443 Annal.
417 423 492 441 anno
508 422 591 448 ¹294·
611 411 649 438 ait
658 409 731 439 fuine
750 411 929 440 cardinalem

134 456 268 486 Urfinum
287 454 456 486 Austorem,
475 452 530 482 five
540 450 737 489 Frangipancm
749 462 756 495 ξ
776 461 825 479 nec
835 451 907 479 deest
920 473 927 483 ,

133 498 178 535 qui
194 495 376 534 Augustinum
395 493 509 523 Biellam
518 492 633 520 deanno
652 501 736 527 ¹49¹·
748 500 927 535 inventorem

134 537 232 567 saciat5
253 546 282 564 ac
294 533 490 564 tandcmillani
508 531 662 560 Humberto
677 532 928 560 Dominicanorum

133 577 267 606 Generali
286 576 438 603 attribuunt
446 573 493 602 alii
504 593 511 600 .
534 571 608 600 Vide
619 575 746 610 Hymnus
755 571 908 606 ‚jubilatio
919 592 926 598 .

132 620 288 654 Prosau'cus
299 636 307 643 .
316 616 407 652 Versus
416 615 539 642 leoninus
549 631 557 638 .

92 659 310 688 Puosnuruu
321 676 328 683 .
339 655 411 683 Vide
420 653 574 694 Parasi-eve
583 670 591 678 .
678 690 682 694 Ι
887 691 890 695 Ι

92 700 280 728 1)κοςΑι·ιευς
290 717 298 728 ,
308 694 443 734 prosaicus
452 713 460 720 .
485 689 625 727 [Quisale
633 700 720 719 attico
731 712 739 724 ,
750 689 926 736 &prosatico

133 739 227 776 lepore
237 758 246 769 ‚
255 737 317 765 imo
327 735 427 763 divina
436 731 618 770 inspiratione
627 730 783 771 composuit
796 753 803 760 .
824 733 860 761 In
871 742 926 761 vita

130 778 157 806 S.
170 776 279 815 Eulogii
288 776 378 806 Presb.
387 778 414 803 δε
426 776 507 802 Mart.

89 817 277 846 Pnoscnocus
289 837 296 845 .
309 817 381 845 Vide
392 813 596 844 Baccalaureus
606 831 614 840 .

95 857 288 886 Paosrcurio
298 877 306 886 .
323 858 379 885 FR.
391 855 458 884 idest
467 875 476 887 ,
498 851 628 890 allegatio
638 870 645 880 .
671 857 683 887 [
695 853 790 881 saneta
800 852 926 896 Synodus

128 897 203 926 dixit
217 909 223 926 :
235 898 297 927 licet
307 896 455 925 secundum
464 892 684 932 prosecutionem
696 895 837 922 Laurentii
848 914 856 927 ,
876 895 926 922 Pe-

129 939 185 970 tri,
198 939 297 967 Eulalii
310 959 318 970 ,
328 935 487 966 Crescentii
496 955 505 966 ‚
516 933 650 966 Maximi,
663 934 708 977 ¹vel
718 933 862 977 Stephani,
874 943 924 961 nec

128 979 199 1016 apud
218 989 267 1007 nos
287 980 422 1007 incertum
442 975 553 1003 habetur
570 972 639 1001 hanc
661 973 748 1012 ipsam
766 980 926 1018 lcripturam

130 1019 233 1047 nullius
243 1018 293 1046 ess'e
304 1016 458 1048 momenti,
478 1025 538 1043 can.
550 1014 617 1042 bene
626 1016 738 1052 quidem
747 1035 756 1048 ‚
777 1015 839 1059 diii.
848 1017 922 1051 96.]

130 1061 207 1088 Nam
216 1069 312 1088 omncs
331 1059 375 1086 isti
396 1054 541 1095 Episcopi,
561 1064 676 1092 nempe:
694 1057 854 1098 Laurentius
864 1057 925 1084 Me-

127 1099 295 1128 diolanenfis
307 1121 314 1132 ‚
333 1101 427 1128 Petrus
436 1099 606 1126 Ravennatis
616 1117 627 1138 ,'
647 1096 765 1139 Eulalius
784 1094 924 1131 Syracusa—

129 1150 178 1169 nus
190 1161 198 1173 ,
209 1140 344 1168 Maximus
355 1139 493 1168 Belitan¹·s
503 1141 514 1169 (
525 1134 635 1163 fortasse
646 1135 798 1179 Belitranus
807 1140 819 1169 )
828 1139 856 1166 δι
867 1137 924 1165 Ste-

128 1180 234 1219 phanus
246 1180 399 1209 Venuiintis
409 1155 536 1215 Episcopi
547 1186 641 1204 omnes
652 1177 832 1215 allegationes
843 1177 925 1206 addu-

126 1231 227 1249 xerunt
240 1231 289 1258 pro
309 1219 483 1248 immunitate
500 1216 681 1245 Ecclesiastica
690 1238 698 1249 ,
720 1227 818 1246 contra
827 1217 925 1246 statuta

127 1261 217 1290 Balilii
227 1261 364 1290 Odoacris
375 1258 462 1297 Regis
473 1255 594 1288 Vicarii,·
619 1260 646 1285 δ(
657 1257 752 1285 statum
764 1258 923 1297 quaestionis

129 1301 249 1339 explicat
261 1301 362 1329 ibidem
372 1297 463 1328 Glolsa
472 1318 480 1326 .

85 1340 274 1372 Pitosuxrus
285 1363 294 1374 ,
305 1340 472 1376 adjeftivum
483 1360 490 1372 ‚
501 1348 589 1377 graeca
599 1337 664 1366 dier.
677 1336 815 1376 πρᾶο-ἥλω
823 1350 849 1374 ος
861 1364 868 1376 ,
882 1339 926 1368 id-

125 1382 182 1416 est,
193 1382 311 1411 Advena
322 1403 330 1414 ,
341 1380 518 1419 Alienigena,
530 1378 695 1417 Peregrinus
706 1398 714 1406 .
731 1380 845 1417 [Judaei
857 1390 924 1418 quo-

124 1433 177 1461 que
187 1445 195 1456 ,
207 1426 235 1451 ὃ(
247 1421 383 1458 Proselyti
393 1441 400 1448 .
422 1421 516 1449 After.
526 1429 583 1457 cap.
595 1431 620 1447 2.
630 1418 754 1448 hebraice
772 1420 843 1449 Gher
853 1421 923 1450 dici-

125 1472 186 1496 tur,
198 1463 284 1496 idest,
307 1462 471 1499 Peregrinus
482 1480 489 1487 .
509 1461 566 1488 PR.
578 1459 657 1487 Idem
668 1469 771 1488 nomen
788 1461 923 1498 reperitur

124 1502 156 1530 in
173 1503 274 1530 Matrix,
285 1513 344 1540 cap.
358 1512 404 1539 23.
426 1507 437 1535 [
449 1502 498 1528 Vae
511 1499 588 1527 vobis
609 1500 704 1528 Scribae
716 1521 724 1532 ‚
744 1504 771 1528 ὅ(
790 1500 920 1530 Pharis-ti

124 1541 282 1580 hypocritae
295 1563 302 1574 ‚
312 1543 359 1580 qui
370 1540 489 1569 circuitis
500 1549 571 1567 mare
581 1561 589 1572 ,
601 1543 628 1568 δι
638 1539 740 1567 aridam
752 1562 760 1574 ,
778 1550 810 1569 ut
820 1540 922 1570 faciatis

127 1591 211 1610 unum
223 1581 395 1620 proselytum
407 1603 415 1614 ,
432 1583 459 1609 ὅ(
471 1589 532 1608 cum
543 1579 625 1607 fuerit
636 1579 717 1608 fastus
729 1602 737 1612 ‚
761 1581 851 1610 facitis
859 1592 919 1611 eum

126 1623 215 1651 filium
223 1623 358 1661 gehennae
371 1643 378 1654 ,
391 1621 475 1658 duplo
484 1630 563 1659 quam
573 1631 636 1650 vos:
647 1622 660 1651 ]
673 1620 731 1648 Ubi
739 1621 823 1659 gloffi
832 1622 918 1652 inter.

122 1663 231 1692 linearis
243 1664 276 1692 fit
289 1663 503 1701 interpretatur,
514 1671 612 1700 nempe
625 1668 637 1697 [
650 1661 696 1690 Ad
705 1661 794 1700 legem
802 1673 917 1706 conver-

121 1703 182 1732 titis
193 1714 254 1732 eum
265 1714 348 1732 unum
360 1703 493 1731 advenam
503 1702 537 1730 de
547 1702 700 1731 Gentibus:
713 1704 726 1734 ]
746 1704 839 1732 Glossa
852 1715 917 1733 vero

119 1744 261 1773 ordinaria
271 1744 426 1782 subjungit:
452 1749 463 1778 [
476 1741 614 1778 Proselyti
622 1741 684 1771 sunt
695 1742 728 1770 de
740 1745 877 1773 Gentibus
887 1746 916 1774 in

121 1785 296 1823 Symigogam
308 1785 410 1822 recepti
423 1805 430 1816 ‚
452 1792 568 1823 quorum
578 1783 671 1811 raritas
682 1793 730 1822 pen
741 1795 825 1813 unum
835 1785 915 1824 ligni-

121 1824 216 1853 fleatur
226 1846 234 1857 ‚
255 1835 317 1864 quia
331 1835 378 1853 vix
395 1825 492 1863 aliquis
506 1823 564 1862 post
576 1823 759 1856 Christum.]
783 1826 915 1855 Nicolaus

123 1866 246 1899 lyranus
257 1875 295 1893 ait
308 1866 406 1894 ibidem
418 1876 424 1892 :
441 1871 450 1899 [
462 1863 621 1901 Proselytus
631 1864 698 1903 legis
708 1864 845 1894 dicebatur
855 1867 914 1900 ille,

1283 33 1317 75 Ρ
1347 34 1392 76 R
1649 49 1729 94 553,

982 86 1218 119 circumcisionem
1226 88 1357 119 sustinere
1367 101 1427 120 non
1437 91 1618 132 patiebantur,
1629 106 1680 125 nce
1689 96 1781 136 legem

984 129 1087 165 Moyfis
1096 129 1273 160 observabant
1283 141 1291 162 i
1310 130 1358 160 sed
1369 141 1478 161 tantum
1485 131 1663 172 sequebantur
1674 147 1781 166 natura-

983 169 1020 198 lia
1028 179 1164 209 praecepta
1175 181 1190 199 a
1201 171 1266 200 Deo
1275 172 1388 201 Noemo
1398 193 1407 205 ‚
1417 173 1586 213 posterisque
1597 179 1653 212 ejus
1663 177 1762 207 tradita
1771 198 1782 212 ,

984 208 1071 244 idest,
1081 221 1139 240 non
1150 211 1258 240 furandi
1269 233 1277 244 ‚
1288 223 1346 241 non
1355 212 1520 247 occidendi,
1533 226 1590 244 non
1601 215 1757 248 fornicandi
1769 240 1778 252 ‚

985 253 1012 279 ὅ(
1023 251 1131 282 similitu
1141 250 1299 288 hujusmodi
1310 251 1383 281 fuiffe
1393 254 1494 283 dicitur
1503 256 1651 286 Nicolaum
1659 259 1690 287 ab
1704 262 1779 297 Apo-

984 291 1060 320 stolis
1069 292 1247 330 baptizatum,
1258 297 1287 322 ὃ(
1296 294 1325 322 in
1336 293 1490 324 Diaconem
1499 296 1709 332 ordinatum,de
1721 309 1776 338 quo

984 331 1014 360 in
1024 332 1086 361 Ast.
1096 343 1120 361 c.
1133 339 1160 362 6.
1173 332 1301 362 habetur:
1315 340 1326 369 [
1339 335 1488 364 Nicolaum
1498 337 1632 366 advenam
1643 361 1650 373 ,
1670 341 1759 376 (idest
1769 361 1778 372 .

980 372 1167 412 proselytum)
1186 373 1395 404 Antiochenum
1407 397 1414 404 .
1427 379 1439 408 ]
1461 378 1532 406 Item
1543 377 1703 416 proselytus
1719 382 1780 410 He-

984 413 1118 442 braeorum
1129 413 1212 443 suerat
1223 425 1256 443 ex
1265 414 1414 446 christiano
1424 418 1535 455 Aquila,
1549 423 1576 448 ἀ
1587 431 1638 459 qua
1647 421 1682 451 de
1690 421 1778 451 causa.

983 454 1056 482 Vide
1066 456 1215 492 Phansaus
1225 476 1232 482 .
1244 457 1315 489 Item
1326 458 1396 486 Cher
1405 457 1541 493 hebraice,
1551 461 1685 499 fignificat
1695 463 1778 491 etiam

983 502 1083 522 timen5
1093 496 1185 524 Deum
1196 517 1202 527 ,
1211 499 1239 524 δι
1253 496 1295 524 ubi
1308 507 1356 526 nos
1368 497 1500 536 legimus:
1514 502 1593 538 [Qui
1605 502 1707 532 timent
1716 504 1777 532 Do-

982 535 1090 562 minum
1099 557 1107 568 ,
1117 535 1295 574 speraverunt
1308 537 1337 565 in
1348 539 1475 569 Domino
1486 562 1494 573 ,
1506 541 1602 570 Psalm.
1617 546 1705 581 113.]
1726 543 1775 572 he-

980 575 1067 603 braice
1075 574 1188 605 habetur
1199 577 1312 605 Ghen'm
1320 597 1326 604 .
1337 578 1379 607 Sic
1388 580 1472 609 etiam
1483 582 1512 610 in
1523 581 1620 612 Psalm.
1635 594 1643 611 i
1655 595 1698 615 ¹7-
1711 584 1778 620 [Vi—

982 625 1004 643 ri
1016 613 1147 644 israelitae
1160 638 1168 648 ,
1178 618 1226 655 qui
1237 617 1342 646 timetis
1352 620 1443 648 Deum
1454 624 1485 653 .]
1505 633 1534 651 ac
1545 623 1609 653 alibi
1620 623 1714 662 paffim
1725 646 1733 653 .
1786 642 1789 647 ‹

940 658 1118 684 piosa-uem
1130 679 1138 690 ,
1149 667 1237 695 graeca
1245 658 1330 687 dic‘tio
1340 659 1496 700 προσώχῆ,
1507 662 1574 692 idest
1585 686 1592 698 ,
1605 665 1776 703 deprecatio,

980 696 1072 723 oratio
1083 708 1090 724 :
1112 698 1314 732 [Metuendum
1324 710 1382 728 erat
1393 722 1400 733 ,
1424 712 1459 730 ne
1470 703 1596 740 perhanc
1607 706 1777 735 occafionem

979 736 1071 773 Judaei
1088 747 1196 776 quoque
1206 739 1415 769 molestarentur
1435 753 1449 770 a
1458 742 1509 771 suis
1521 745 1638 774 Civibus
1648 768 1655 778 ‚
1679 747 1697 776 fi
1707 746 1776 785 quid

980 787 1131 807 novaretur
1148 778 1218 807 circa
1236 779 1413 818 proseuchas,
1430 786 1459 811 ὅ(
1470 784 1538 813 ritus
1549 787 1650 823 patrios
1663 808 1669 818 ,
1691 787 1776 816 Philo

979 815 1055 845 hebr.
1066 818 1098 846 in
1110 819 1232 847 Flaccum
1244 820 1272 848 in
1282 822 1361 859 legat.
1373 821 1406 850 ad
1418 823 1526 859 Cajuin.
1540 828 1551 857 ]
1566 828 1638 854 Item
1650 828 1777 866 Synago-
1820 830 1829 835 ’

983 867 1048 896 gam
1056 858 1242 897 fignificatffic
1253 860 1326 889 idem
1338 861 1481 896 Philo,ubi
1491 865 1524 894 de
1536 867 1723 902 trfistyberina
1733 876 1780 896 rc-'

978 898 1066 936 gione
1085 911 1099 927 a
1108 899 1218 930 Caesare
1230 901 1355 940 Augusto
1368 904 1491 933 Hebraeis
1501 906 1622 935 conccssa
1631 929 1640 940 ,
1662 908 1755 949 inquit
1768 921 1774 937 :

980 945 992 973 [
1004 939 1105 968 Sciebat
1115 939 1212 969 habere
1222 940 1279 970 suas
1290 941 1452 979 proseuchas
1460 967 1469 978 ,
1492 946 1522 975 in
1533 948 1628 986 quibus
1637 959 1724 978 coetus
1733 948 1774 978 fa-

977 989 1070 1007 cerent
1082 1000 1088 1007 .
1099 982 1112 1011 ]
1128 982 1200 1010 Vide
1210 987 1345 1021 Synagoga
1355 1005 1361 1011 .
1382 986 1437 1014 PR.
1446 989 1598 1024 Proseucba
1606 1010 1615 1021 ,
1627 989 1694 1018 licet
1704 1000 1776 1030 grae-

977 1030 1008 1047 ce
1017 1021 1170 1049 orationem
1181 1022 1315 1061 significet
1326 1036 1332 1051 :
1355 1035 1369 1052 a
1380 1025 1561 1064 Scriptoribus
1571 1039 1639 1059 vero
1649 1039 1705 1059 tam
1716 1032 1774 1060 He-

977 1060 1055 1088 breis
1065 1083 1073 1094 ,
1093 1072 1173 1100 quani
1182 1063 1340 1092 Gentilibus
1351 1087 1358 1098 ,
1382 1075 1462 1104 atquc
1472 1068 1637 1099 Christianis
1650 1081 1701 1109 pro
1711 1071 1774 1101 loco

977 1102 1112 1130 orationis
1121 1124 1130 1135 ,
1158 1103 1290 1132 videlicet
1301 1126 1308 1137 ,
1331 1106 1476 1146 Synagoga
1495 1107 1601 1148 semper
1622 1111 1754 1150 accipitur
1765 1133 1774 1141 .

979 1143 1042 1178 Quo
1058 1143 1092 1171 ad
1108 1142 1257 1177 haebraeos,
1280 1144 1381 1174 nedum
1400 1148 1496 1177 citatus
1513 1149 1641 1179 Philonis
1652 1153 1726 1180 locus
1743 1152 1776 1181 in

978 1184 1103 1211 Flaccum
1116 1184 1150 1212 de
1161 1185 1304 1224 Synagogti
1314 1185 1500 1227 intelligitur:
1521 1188 1568 1219 sei
1577 1191 1653 1220 idem
1665 1194 1771 1222 Auster

977 1223 1007 1251 in
1027 1224 1083 1252 vita
1101 1225 1205 1260 Moysis
1225 1237 1281 1255 non
1292 1227 1377 1266 longe
1388 1239 1401 1256 :i
1425 1229 1479 1258 fine
1489 1229 1542 1259 hoc
1561 1233 1721 1261 vocabulum
1734 1233 1773 1262 ita

979 1264 1116 1293 declarat:
1137 1271 1149 1300 [
1162 1268 1236 1294 Nam
1246 1267 1379 1297 destinata
1387 1270 1543 1308 oppidatim
1550 1271 1630 1301 sacris
1639 1274 1774 1312 precatio-

978 1305 1055 1333 nibus
1072 1306 1130 1334 loca
1141 1327 1148 1339 ,
1167 1316 1227 1345 quae
1249 1307 1406 1345 proseuchas
1424 1312 1521 1350 vulgus
1539 1313 1666 1342 nominat
1677 1336 1686 1348 ,
1705 1314 1773 1354 quid

977 1345 1051 1374 aliud
1059 1344 1122 1374 sunt
1134 1367 1141 1379 ‚
1151 1357 1231 1385 quam
1241 1348 1341 1378 scholae
1351 1371 1359 1382 ,
1371 1349 1401 1379 in
1410 1352 1505 1389 quibus
1517 1354 1664 1390 prudentia
1672 1377 1681 1389 ,
1693 1355 1772 1384 forti-

979 1385 1047 1415 tudo
1057 1408 1065 1419 ,
1075 1389 1256 1425 temperantia
1265 1412 1273 1423 ,
1282 1389 1394 1424 justitia,
1405 1392 1487 1430 pietas
1497 1415 1505 1426 ‚
1515 1393 1642 1424 sanctitas
1651 1417 1660 1428 ‚
1669 1394 1773 1425 omnis-

977 1437 1030 1465 que
1044 1427 1127 1456 virtus
1136 1427 1250 1457 discitur
1261 1452 1269 1463 ,
1280 1431 1470 1470 quodcumque
1481 1434 1515 1462 ad
1523 1433 1652 1469 humana,
1664 1437 1772 1465 divina-

975 1477 1028 1505 que
1045 1469 1156 1507 negotia
1168 1470 1335 1507 requiritur?
1348 1474 1360 1503 ]
1384 1476 1418 1501 Et
1428 1472 1542 1512 joseph.
1554 1476 1638 1504 Hebr.
1659 1477 1702 1504 De
1714 1477 1772 1506 vita

974 1507 1020 1536 sua
1030 1510 1089 1546 post
1101 1508 1222 1537 medium
1231 1532 1239 1543 ,
1257 1511 1364 1548 inquit:
1391 1514 1550 1551 [Sequente
1561 1516 1648 1554 igitur
1661 1517 1708 1545 die
1720 1528 1771 1555 po·

976 1548 1053 1586 pulus
1071 1550 1204 1578 convenit
1215 1550 1245 1578 in
1256 1549 1435 1589 proseucham
1444 1575 1451 1586 ‚
1474 1565 1554 1593 quam
1567 1566 1667 1585 vocant
1679 1568 1770 1595 preca-

973 1589 1058 1618 tionis
1068 1591 1180 1618 domum
1194 1612 1200 1623 ,
1220 1593 1337 1630 amplam
1349 1614 1356 1626 ,
1376 1597 1403 1622 ὀ(
1413 1604 1538 1632 capacem
1549 1606 1632 1626 tantae
1645 1598 1774 1627 multitu-

973 1629 1047 1658 dinis
1056 1634 1086 1663 .]
1101 1635 1135 1660 Et
1146 1641 1179 1659 ex
1188 1633 1349 1661 Gentilibus
1360 1635 1501 1671 juvenalis
1511 1658 1519 1669 ,
1531 1638 1621 1672 Satyr.
1633 1649 1659 1675 3.

1016 1671 1073 1699 Ede
1085 1693 1092 1704 ,
1102 1673 1146 1700 ubi
1157 1683 1189 1700 co
1195 1672 1285 1701 nsistas
1297 1695 1304 1707 ,
1316 1674 1347 1702 in
1357 1685 1409 1713 qua
1420 1685 1446 1704 te
1458 1686 1551 1714 quaero
1561 1677 1709 1715 proseucha
1719 1682 1775 1719 &Jc-

973 1714 1008 1740 Et
1025 1721 1058 1739 ex
1077 1711 1242 1742 Christianis
1263 1715 1444 1753 scriptoribus
1465 1727 1541 1746 vetus
1557 1717 1705 1748 Scholastes
1720 1719 1772 1748 ha-

972 1751 1016 1780 bet
1026 1751 1057 1780 in
1075 1752 1211 1782 Gioss'ario
1222 1767 1228 1782 :
1253 1761 1264 1790 [
1277 1754 1472 1794 npoeat'yesai
1491 1759 1565 1787 enim
1584 1770 1672 1798 graece
1690 1770 1770 1789 orare

971 1791 1072 1820 dicitur
1081 1814 1090 1826 ‚
1099 1798 1127 1822 ὅ(
1136 1793 1283 1832 proseucha
1293 1797 1365 1824 locus
1375 1798 1533 1834 Jud-roruin
1544 1800 1588 1828 ubi
1600 1802 1694 1832 orant]
1706 1811 1768 1839 quae

971 1835 1143 1873 etymologia
1154 1834 1312 1872 proseuchae
1324 1838 1448 1866 Adriano
1457 1841 1585 1870 Turnebo
1594 1841 1707 1875 arridet,
1717 1842 1767 1871 lib·

976 1885 998 1901 i.
1008 1874 1143 1903 adversar.
1153 1886 1209 1913 cap.
1227 1888 1270 1912 ¹9.

121 1906 168 1943 qui
180 1906 214 1933 dc
222 1907 380 1944 gentilitate
390 1905 423 1933 ad
432 1903 602 1949 Judaismum
612 1906 823 1935 convertebatur
833 1927 840 1935 .
852 1909 864 1938 ]
888 1911 914 1936 δε
929 1915 1100 1943 PROEPHORA
1112 1935 1120 1943 ,
1132 1917 1203 1944 vldc
1212 1917 1296 1953 Mlffa
1307 1937 1314 1944 ‚

119 1946 157 1973 D.
180 1948 295 1984 Auguit.
315 1956 411 1974 eontra
430 1946 624 1974 Adimantium
643 1946 767 1976 eumdem
789 1947 914 1976 Matthaei
928 1956 1060 1983 Ρχοςρῑχ
1072 1977 1080 1988 ‚
1091 1956 1252 1995 providens,
1263 1958 1399 1995 provisor.
1413 1965 1425 1995 [
1437 1961 1576 2001 Recogita
1587 1962 1616 1990 in
1627 1961 1768 2002 praesagiis

119 1985 209 2013 lotum
222 1987 340 2025 exponit
351 2008 358 2020 ,
369 1986 513 2024 inquiens:
535 1993 547 2021 [
559 1987 621 2015 ntis
630 1996 718 2016 autem
730 1989 914 2026 pervenitan-

118 2026 165 2054 bus
178 2025 229 2055 suzs
241 2028 372 2056 iaciebant
382 2048 390 2059 ,
407 2037 436 2055 ut
449 2037 509 2055 cuni
519 2027 616 2066 aliquis
638 2028 762 2057 Gentilis
773 2028 807 2056 ad
818 2039 912 2058 eorum

117 2066 208 2105 legem
219 2067 345 2096 tranfibat
356 2089 364 2100 ‚
376 2067 464 2101 idest,
475 2068 556 2096 sac‘tus
566 2066 629 2097 ess'et
640 2067 793 2107 proselytus
803 2090 812 2102 ,
832 2069 912 2099 habe·
926 2079 966 2106 pu

116 2116 160 2135 ret
179 2117 266 2137 mores
277 2118 388 2141 eorum,
407 2112 436 2137 δι
456 2108 534 2137 fieret
555 2107 627 2138 filius
646 2109 784 2148 gehennae
796 2132 805 2144 ,
824 2111 912 2140 multo

117 2147 260 2186 plusquam
271 2149 312 2177 illi
323 2149 406 2178 esseut
417 2170 424 2176 .
436 2151 448 2181 ]
472 2149 527 2183 Qui
540 2159 632 2179 tamen
641 2149 780 2187 Proselyti
797 2151 911 2190 duplicis

116 2198 226 2226 generis
239 2199 335 2223 crant,
353 2188 478 2224 scilicet,
500 2199 547 2228 qui
557 2191 688 2230 Proselyti
707 2192 818 2228 justitia
837 2191 911 2221 dice-

113 2229 230 2261 bantur5
244 2240 306 2259 nam
317 2230 517 2260 circumcisioni
526 2228 754 2261 submittebantut
763 2254 771 2266 ,
783 2243 864 2273 atque
873 2235 910 2263 le-

969 2005 1058 2023 vatem
1069 2017 1076 2029 ,
1099 2007 1128 2024 in
1139 1997 1274 2026 ominibus
1291 2009 1419 2038 augurem
1431 2023 1439 2034 ,
1462 2003 1492 2031 in
1507 2003 1649 2032 eventibus
1660 2003 1768 2043 prospi-

969 2045 1028 2064 cem
1041 2057 1047 2063 .
1057 2038 1174 2067 Tertull.
1185 2039 1219 2066 de
1230 2039 1334 2068 testam.
1344 2041 1440 2070 animae
1450 2063 1458 2075 ,
1468 2053 1525 2082 cap.
1540 2053 1565 2080 5.

969 2087 1113 2107 οςτΛοΜΑ
1124 2099 1132 2111 ,
1142 2089 1262 2118 graecum
1272 2090 1374 2110 nomen
1385 2080 1542 2122 πρᾰςαγμα
1557 2110 1560 2114 ,
1570 2084 1652 2118 idest,
1663 2095 1766 2124 praece-

968 2127 1046 2156 ptum
1056 2139 1063 2146 .
1082 2121 1168 2154 [Post
1185 2119 1243 2148 haec
1262 2118 1339 2149 sacro
1350 2123 1451 2161 placuit
1460 2125 1593 2154 Concilio
1603 2147 1611 2159 ‚
1632 2135 1764 2165 quatenus

966 2159 1084 2197 Augusti
1095 2161 1275 2199 prostagmate
1285 2166 1338 2190 &c-
1350 2164 1385 2191 In
1397 2164 1454 2192 vita
1462 2165 1488 2194 S.
1499 2166 1574 2195 Celsi
1586 2166 1673 2204 Episc-

930 2201 1121 2229 PROSTRALES
1137 2222 1144 2234 ‚
1164 2202 1218 2230 sive
1229 2204 1406 2240 Prosternales
1416 2226 1426 2239 ‚
1447 2205 1493 2235 vel
1502 2208 1635 2244 Prostratl
1644 2206 1744 2237 Psalmi
1753 2226 1762 2234 .

968 2240 1040 2269 Vide
1051 2241 1181 2277 Psalmus
1191 2262 1198 2269 .

113 2279 177 2307 gem
187 2269 333 2300 mosaicam
343 2270 466 2310 rigorose
474 2269 653 2302 observabant
664 2273 698 2301 ad
708 2272 791 2303 instar
804 2284 911 2304 natura·
925 2283 1135 2311 pao-fficmcus
1148 2304 1157 2315 ,
1179 2283 1280 2320 primus
1296 2284 1423 2316 defensor
1433 2308 1442 2321 ,
1461 2297 1584 2356 Fraecum
1603 2287 1767 2316 vocabulum

113 2311 149 2339 lis
162 2311 290 2341 Hebraei.
310 2312 371 2341 Alii
380 2312 539 2341 dicebantur
548 2313 676 2354 Pitoselyti
687 2315 839 2355 imperfeffi
852 2337 861 2348 ‚
879 2317 910 2345 fi-

965 2320 1151 2360 πρωτέκδικος
1159 2343 1166 2350 .
1178 2329 1190 2358 [
1200 2326 1376 2356 Protecdicus
1386 2350 1395 2361 ,
1403 2328 1450 2366 qui

1474 2327 1620 2367 uscipiebat
1630 2328 1767 2367 capcivm,

112 2359 150 2383 νβ
167 2353 315 2384 Domicihi
325 2374 334 2388 ,
354 2354 401 2392 qui
417 2348 616 2386 detestabantur
634 2354 842 2392 idololatriam
864 2357 911 2389 sed
966 2363 1108 2392 &ibierai
1116 2363 1200 2402 judex
1211 2364 1551 2400 causarumcriminalium·
1562 2368 1668 2401 Codin.
1680 2369 1727 2397 lib.
1742 2380 1766 2398 ι.

1690 2409 1727 2440 de
