<?xml version="1.0" encoding="UTF-8"?>
<!DOCTYPE html PUBLIC "-//W3C//DTD XHTML 1.0 Transitional//EN"
    "http://www.w3.org/TR/xhtml1/DTD/xhtml1-transitional.dtd">
<html xmlns="http://www.w3.org/1999/xhtml" xml:lang="en" lang="en">
 <head>
  <title>
</title>
<meta http-equiv="Content-Type" content="text/html;charset=utf-8" />
  <meta name='ocr-system' content='tesseract 3.04.00' />
  <meta name='ocr-capabilities' content='ocr_page ocr_carea ocr_par ocr_line ocrx_word'/>
</head>
<body>
  <div class='ocr_page' id='page_1' title='image "./dominicimacrimel00magr/dominicimacrimel00magr_0125.png"; bbox 0 0 1866 2526; ppageno 0'>
   <div class='ocr_carea' id='block_1_1' title="bbox 46 1742 501 1773">
    <p class='ocr_par' dir='ltr' id='par_1_1' title="bbox 46 1742 501 1773">
     <span class='ocr_line' id='line_1_1' title="bbox 46 1742 501 1773; baseline 0.007 -3"><span class='ocrx_word' id='word_1_1' title='bbox 46 1742 220 1771; x_wconf 64' lang='lat' dir='ltr'>Bnnnosm</span> <span class='ocrx_word' id='word_1_2' title='bbox 229 1764 236 1771; x_wconf 90' lang='lat'>.</span> <span class='ocrx_word' id='word_1_3' title='bbox 262 1744 337 1771; x_wconf 83' lang='lat' dir='ltr'>Vide</span> <span class='ocrx_word' id='word_1_4' title='bbox 347 1745 484 1773; x_wconf 71' lang='lat' dir='ltr'>Sadducai</span> <span class='ocrx_word' id='word_1_5' title='bbox 493 1764 501 1772; x_wconf 84' lang='grc'><strong>.</strong></span> 
     </span>
    </p>
   </div>
   <div class='ocr_carea' id='block_1_2' title="bbox 463 61 571 107">
    <p class='ocr_par' dir='ltr' id='par_1_2' title="bbox 463 61 571 107">
     <span class='ocr_line' id='line_1_2' title="bbox 463 61 571 107; baseline -0.009 0"><span class='ocrx_word' id='word_1_6' title='bbox 463 61 571 107; x_wconf 88' lang='grc' dir='ltr'>ΒΑ</span> 
     </span>
    </p>
   </div>
   <div class='ocr_carea' id='block_1_3' title="bbox 1237 65 1686 128">
    <p class='ocr_par' dir='ltr' id='par_1_3' title="bbox 1237 65 1686 128">
     <span class='ocr_line' id='line_1_3' title="bbox 1237 65 1686 128; baseline 0.013 -19"><span class='ocrx_word' id='word_1_7' title='bbox 1237 65 1348 112; x_wconf 89' lang='grc' dir='ltr'>ΒΑ</span> <span class='ocrx_word' id='word_1_8' title='bbox 1633 88 1686 128; x_wconf 87' lang='lat'>97</span> 
     </span>
    </p>
   </div>
   <div class='ocr_carea' id='block_1_4' title="bbox 109 119 1741 168">
    <p class='ocr_par' dir='ltr' id='par_1_4' title="bbox 109 119 1741 168">
     <span class='ocr_line' id='line_1_4' title="bbox 109 119 1741 168; baseline 0.007 -16"><span class='ocrx_word' id='word_1_9' title='bbox 109 121 202 162; x_wconf 84' lang='lat' dir='ltr'>inepte</span> <span class='ocrx_word' id='word_1_10' title='bbox 230 121 386 152; x_wconf 75' lang='lat' dir='ltr'>columnam</span> <span class='ocrx_word' id='word_1_11' title='bbox 406 121 625 162; x_wconf 62' lang='lat' dir='ltr'>interpretatum</span> <span class='ocrx_word' id='word_1_12' title='bbox 647 131 711 151; x_wconf 77' lang='lat' dir='ltr'>nam</span> <span class='ocrx_word' id='word_1_13' title='bbox 731 120 795 150; x_wconf 83' lang='lat' dir='ltr'>esset</span> <span class='ocrx_word' id='word_1_14' title='bbox 822 120 915 154; x_wconf 76' lang='lat' dir='ltr'>extral</span> <span class='ocrx_word' id='word_1_15' title='bbox 953 119 1073 152; x_wconf 76' lang='lat' dir='ltr'>Potestas</span> <span class='ocrx_word' id='word_1_16' title='bbox 1082 120 1243 161; x_wconf 76' lang='lat' dir='ltr'>appellatur.</span> <span class='ocrx_word' id='word_1_17' title='bbox 1253 124 1408 166; x_wconf 82' lang='lat' dir='ltr'>Nicephor.</span> <span class='ocrx_word' id='word_1_18' title='bbox 1419 127 1556 168; x_wconf 70' lang='lat' dir='ltr'>Gregom.</span> <span class='ocrx_word' id='word_1_19' title='bbox 1568 129 1640 162; x_wconf 73' lang='lat' dir='ltr'>nist.</span> <span class='ocrx_word' id='word_1_20' title='bbox 1651 137 1741 168; x_wconf 79' lang='lat' dir='ltr'>Rom:</span> 
     </span>
    </p>
   </div>
   <div class='ocr_carea' id='block_1_5' title="bbox 106 161 897 243">
    <p class='ocr_par' dir='ltr' id='par_1_5' title="bbox 106 161 897 243">
     <span class='ocr_line' id='line_1_5' title="bbox 110 161 896 202; baseline 0 -10"><span class='ocrx_word' id='word_1_21' title='bbox 110 163 231 193; x_wconf 74' lang='lat' dir='ltr'>matcria:</span> <span class='ocrx_word' id='word_1_22' title='bbox 242 162 352 193; x_wconf 82' lang='lat' dir='ltr'>sensum</span> <span class='ocrx_word' id='word_1_23' title='bbox 373 163 408 192; x_wconf 83' lang='lat' dir='ltr'>de</span> <span class='ocrx_word' id='word_1_24' title='bbox 427 172 479 202; x_wconf 81' lang='lat' dir='ltr'>qua</span> <span class='ocrx_word' id='word_1_25' title='bbox 497 163 527 191; x_wconf 90' lang='lat' dir='ltr'>in</span> <span class='ocrx_word' id='word_1_26' title='bbox 537 161 652 201; x_wconf 77' lang='lat' dir='ltr'>epistola</span> <span class='ocrx_word' id='word_1_27' title='bbox 664 161 806 192; x_wconf 80' lang='lat' dir='ltr'>Demetrii</span> <span class='ocrx_word' id='word_1_28' title='bbox 829 173 896 201; x_wconf 66' lang='lat' dir='ltr'>prse-</span> 
     </span>
     <span class='ocr_line' id='line_1_6' title="bbox 106 203 897 243; baseline -0.001 -9"><span class='ocrx_word' id='word_1_29' title='bbox 106 204 180 234; x_wconf 64' lang='lat' dir='ltr'>difia</span> <span class='ocrx_word' id='word_1_30' title='bbox 189 203 281 243; x_wconf 80' lang='lat' dir='ltr'>agitur</span> <span class='ocrx_word' id='word_1_31' title='bbox 292 225 299 232; x_wconf 88' lang='lat'><strong>.</strong></span> <span class='ocrx_word' id='word_1_32' title='bbox 321 203 465 234; x_wconf 85' lang='lat' dir='ltr'>Cedrenus</span> <span class='ocrx_word' id='word_1_33' title='bbox 481 208 570 237; x_wconf 78' lang='lat' dir='ltr'>Bajon</span> <span class='ocrx_word' id='word_1_34' title='bbox 589 213 671 232; x_wconf 78' lang='lat' dir='ltr'>vocat</span> <span class='ocrx_word' id='word_1_35' title='bbox 689 205 795 233; x_wconf 90' lang='lat' dir='ltr'>donum</span> <span class='ocrx_word' id='word_1_36' title='bbox 805 205 897 243; x_wconf 85' lang='lat' dir='ltr'>Impe-</span> 
     </span>
    </p>
   </div>
   <div class='ocr_carea' id='block_1_6' title="bbox 899 192 915 219">
    <p class='ocr_par' dir='ltr' id='par_1_6' title="bbox 899 192 915 219">
     <span class='ocr_line' id='line_1_7' title="bbox 899 192 915 219; baseline 0 2307"><span class='ocrx_word' id='word_1_37' title='bbox 899 192 915 219; x_wconf 95' lang='lat' dir='ltr'> </span> 
     </span>
    </p>
   </div>
   <div class='ocr_carea' id='block_1_7' title="bbox 952 163 1738 247">
    <p class='ocr_par' dir='ltr' id='par_1_7' title="bbox 952 163 1738 247">
     <span class='ocr_line' id='line_1_8' title="bbox 952 163 1738 212; baseline 0.014 -20"><span class='ocrx_word' id='word_1_38' title='bbox 952 163 1001 192; x_wconf 85' lang='lat' dir='ltr'>lib.</span> <span class='ocrx_word' id='word_1_39' title='bbox 1021 173 1048 198; x_wconf 85' lang='lat'>4.</span> <span class='ocrx_word' id='word_1_40' title='bbox 1067 163 1079 193; x_wconf 86' lang='grc'><strong>]</strong></span> <span class='ocrx_word' id='word_1_41' title='bbox 1105 163 1178 194; x_wconf 76' lang='lat' dir='ltr'>Vide</span> <span class='ocrx_word' id='word_1_42' title='bbox 1189 167 1327 196; x_wconf 81' lang='lat' dir='ltr'>Balivus.</span> <span class='ocrx_word' id='word_1_43' title='bbox 1351 169 1459 204; x_wconf 80' lang='lat' dir='ltr'>Bajulus</span> <span class='ocrx_word' id='word_1_44' title='bbox 1471 191 1478 202; x_wconf 94' lang='lat'><em>,</em></span> <span class='ocrx_word' id='word_1_45' title='bbox 1503 171 1590 207; x_wconf 82' lang='lat' dir='ltr'>idest,</span> <span class='ocrx_word' id='word_1_46' title='bbox 1612 177 1738 212; x_wconf 80' lang='lat' dir='ltr'>gerulus,</span> 
     </span>
     <span class='ocr_line' id='line_1_9' title="bbox 953 203 1525 247; baseline 0.014 -16"><span class='ocrx_word' id='word_1_47' title='bbox 953 203 1028 233; x_wconf 84' lang='lat' dir='ltr'>Vide</span> <span class='ocrx_word' id='word_1_48' title='bbox 1034 209 1133 232; x_wconf 73' lang='lat' dir='ltr'>Saccas</span> <span class='ocrx_word' id='word_1_49' title='bbox 1142 224 1150 232; x_wconf 88' lang='lat'><strong><em>.</em></strong></span> <span class='ocrx_word' id='word_1_50' title='bbox 1171 211 1333 244; x_wconf 79' lang='lat' dir='ltr'>Sagmarius</span> <span class='ocrx_word' id='word_1_51' title='bbox 1343 228 1350 235; x_wconf 89' lang='lat'>.</span> <span class='ocrx_word' id='word_1_52' title='bbox 1373 209 1506 247; x_wconf 75' lang='lat' dir='ltr'>Ontferm</span> <span class='ocrx_word' id='word_1_53' title='bbox 1518 234 1525 240; x_wconf 92' lang='lat'><em>.</em></span> 
     </span>
    </p>
   </div>
   <div class='ocr_carea' id='block_1_8' title="bbox 104 243 1738 291">
    <p class='ocr_par' dir='ltr' id='par_1_8' title="bbox 104 243 1738 291">
     <span class='ocr_line' id='line_1_10' title="bbox 104 243 1738 291; baseline 0.008 -18"><span class='ocrx_word' id='word_1_54' title='bbox 104 245 190 274; x_wconf 79' lang='lat' dir='ltr'>ratori</span> <span class='ocrx_word' id='word_1_55' title='bbox 201 245 283 273; x_wconf 83' lang='lat' dir='ltr'>tribui</span> <span class='ocrx_word' id='word_1_56' title='bbox 293 244 405 273; x_wconf 81' lang='lat' dir='ltr'>solitum</span> <span class='ocrx_word' id='word_1_57' title='bbox 419 266 426 277; x_wconf 89' lang='lat'><em>,</em></span> <span class='ocrx_word' id='word_1_58' title='bbox 444 245 478 273; x_wconf 93' lang='lat' dir='ltr'>de</span> <span class='ocrx_word' id='word_1_59' title='bbox 489 255 544 283; x_wconf 84' lang='lat' dir='ltr'>quo</span> <span class='ocrx_word' id='word_1_60' title='bbox 553 243 634 271; x_wconf 82' lang='lat' dir='ltr'>etiam</span> <span class='ocrx_word' id='word_1_61' title='bbox 647 244 828 283; x_wconf 72' lang='lat' dir='ltr'>luitprandus</span> <span class='ocrx_word' id='word_1_62' title='bbox 839 246 857 273; x_wconf 92' lang='lat' dir='ltr'>l.</span> <span class='ocrx_word' id='word_1_63' title='bbox 869 256 895 283; x_wconf 87' lang='lat'>3.</span> <span class='ocrx_word' id='word_1_64' title='bbox 911 246 1040 274; x_wconf 75' lang='grc' dir='ltr'>ΒΛιΑΑΜ</span> <span class='ocrx_word' id='word_1_65' title='bbox 1052 263 1058 271; x_wconf 89' lang='grc'><strong>.</strong></span> <span class='ocrx_word' id='word_1_66' title='bbox 1085 245 1142 273; x_wconf 79' lang='lat' dir='ltr'>FR-</span> <span class='ocrx_word' id='word_1_67' title='bbox 1155 256 1256 276; x_wconf 88' lang='lat' dir='ltr'>nomen</span> <span class='ocrx_word' id='word_1_68' title='bbox 1269 247 1408 278; x_wconf 72' lang='lat' dir='ltr'>simoniaci</span> <span class='ocrx_word' id='word_1_69' title='bbox 1420 252 1570 291; x_wconf 65' lang='lat' dir='ltr'>Prophetae</span> <span class='ocrx_word' id='word_1_70' title='bbox 1581 254 1609 283; x_wconf 89' lang='lat' dir='ltr'>in</span> <span class='ocrx_word' id='word_1_71' title='bbox 1621 255 1678 285; x_wconf 77' lang='lat' dir='ltr'>Sat.</span> <span class='ocrx_word' id='word_1_72' title='bbox 1689 258 1738 286; x_wconf 77' lang='lat' dir='ltr'>Pa-</span> 
     </span>
    </p>
   </div>
   <div class='ocr_carea' id='block_1_9' title="bbox 102 284 896 525">
    <p class='ocr_par' dir='ltr' id='par_1_9' title="bbox 102 284 896 525">
     <span class='ocr_line' id='line_1_11' title="bbox 104 284 896 324; baseline 0 -10"><span class='ocrx_word' id='word_1_73' title='bbox 104 295 162 324; x_wconf 79' lang='lat' dir='ltr'>eap.</span> <span class='ocrx_word' id='word_1_74' title='bbox 176 295 200 321; x_wconf 84' lang='lat'>5.</span> <span class='ocrx_word' id='word_1_75' title='bbox 221 285 351 314; x_wconf 85' lang='lat' dir='ltr'>Mcurfius</span> <span class='ocrx_word' id='word_1_76' title='bbox 371 284 497 314; x_wconf 78' lang='lat' dir='ltr'>inolofl:</span> <span class='ocrx_word' id='word_1_77' title='bbox 519 285 741 314; x_wconf 56' lang='lat' dir='ltr'>Graeco-barb&amp;</span> <span class='ocrx_word' id='word_1_78' title='bbox 761 284 790 313; x_wconf 88' lang='lat' dir='ltr'>in</span> <span class='ocrx_word' id='word_1_79' title='bbox 811 285 896 314; x_wconf 84' lang='lat' dir='ltr'>citato</span> 
     </span>
     <span class='ocr_line' id='line_1_12' title="bbox 104 325 895 364; baseline 0 -10"><span class='ocrx_word' id='word_1_80' title='bbox 104 325 324 355; x_wconf 81' lang='lat' dir='ltr'>Machabaeorum</span> <span class='ocrx_word' id='word_1_81' title='bbox 335 326 425 364; x_wconf 76' lang='lat' dir='ltr'>capite</span> <span class='ocrx_word' id='word_1_82' title='bbox 437 326 472 354; x_wconf 89' lang='lat' dir='ltr'>de</span> <span class='ocrx_word' id='word_1_83' title='bbox 482 335 546 354; x_wconf 85' lang='lat' dir='ltr'>:iuro</span> <span class='ocrx_word' id='word_1_84' title='bbox 557 326 702 354; x_wconf 77' lang='lat' dir='ltr'>coronario</span> <span class='ocrx_word' id='word_1_85' title='bbox 711 347 717 353; x_wconf 92' lang='lat'><em>.</em></span> <span class='ocrx_word' id='word_1_86' title='bbox 729 327 809 355; x_wconf 89' lang='grc' dir='ltr'>Ῐ.ΧΧ.</span> <span class='ocrx_word' id='word_1_87' title='bbox 821 329 895 355; x_wconf 85' lang='lat' dir='ltr'>Bain</span> 
     </span>
     <span class='ocr_line' id='line_1_13' title="bbox 105 365 893 410; baseline 0.001 -16"><span class='ocrx_word' id='word_1_88' title='bbox 105 375 218 396; x_wconf 84' lang='lat' dir='ltr'>vertunt</span> <span class='ocrx_word' id='word_1_89' title='bbox 227 376 260 395; x_wconf 86' lang='lat' dir='ltr'>ex</span> <span class='ocrx_word' id='word_1_90' title='bbox 274 366 445 401; x_wconf 80' lang='lat' dir='ltr'>Hieronymi</span> <span class='ocrx_word' id='word_1_91' title='bbox 468 366 606 398; x_wconf 55' lang='lat' dir='ltr'>haione,</span> <span class='ocrx_word' id='word_1_92' title='bbox 629 376 709 404; x_wconf 79' lang='lat' dir='ltr'>quam</span> <span class='ocrx_word' id='word_1_93' title='bbox 731 365 835 410; x_wconf 76' lang='lat' dir='ltr'>secutus</span> <span class='ocrx_word' id='word_1_94' title='bbox 856 366 893 395; x_wconf 83' lang='lat' dir='ltr'>est</span> 
     </span>
     <span class='ocr_line' id='line_1_14' title="bbox 105 406 893 445; baseline -0.001 -9"><span class='ocrx_word' id='word_1_95' title='bbox 105 408 230 442; x_wconf 69' lang='lat' dir='ltr'>lyranus</span> <span class='ocrx_word' id='word_1_96' title='bbox 251 407 372 436; x_wconf 84' lang='lat' dir='ltr'>ibidem.</span> <span class='ocrx_word' id='word_1_97' title='bbox 396 407 493 435; x_wconf 67' lang='lat' dir='ltr'>Multa:</span> <span class='ocrx_word' id='word_1_98' title='bbox 513 407 582 434; x_wconf 86' lang='lat' dir='ltr'>item</span> <span class='ocrx_word' id='word_1_99' title='bbox 593 407 727 445; x_wconf 72' lang='lat' dir='ltr'>analogiae</span> <span class='ocrx_word' id='word_1_100' title='bbox 748 406 893 435; x_wconf 79' lang='lat' dir='ltr'>suntinter</span> 
     </span>
     <span class='ocr_line' id='line_1_15' title="bbox 105 446 892 485; baseline -0.004 -8"><span class='ocrx_word' id='word_1_101' title='bbox 105 453 192 482; x_wconf 67' lang='lat' dir='ltr'>Bayon</span> <span class='ocrx_word' id='word_1_102' title='bbox 203 470 210 482; x_wconf 93' lang='lat'>‚</span> <span class='ocrx_word' id='word_1_103' title='bbox 232 452 259 478; x_wconf 76' lang='grc' dir='ltr'>δ(</span> <span class='ocrx_word' id='word_1_104' title='bbox 269 453 381 476; x_wconf 81' lang='lat' dir='ltr'>Donum</span> <span class='ocrx_word' id='word_1_105' title='bbox 391 468 398 475; x_wconf 89' lang='lat'><strong>.</strong></span> <span class='ocrx_word' id='word_1_106' title='bbox 410 452 498 483; x_wconf 69' lang='lat' dir='ltr'>Bajon</span> <span class='ocrx_word' id='word_1_107' title='bbox 517 447 594 475; x_wconf 89' lang='lat' dir='ltr'>enim</span> <span class='ocrx_word' id='word_1_108' title='bbox 613 446 747 485; x_wconf 79' lang='lat' dir='ltr'>fignificat</span> <span class='ocrx_word' id='word_1_109' title='bbox 758 447 873 485; x_wconf 83' lang='lat' dir='ltr'>palmam</span> <span class='ocrx_word' id='word_1_110' title='bbox 884 470 892 481; x_wconf 89' lang='lat'><em>‚</em></span> 
     </span>
     <span class='ocr_line' id='line_1_16' title="bbox 102 487 892 525; baseline -0.005 -9"><span class='ocrx_word' id='word_1_111' title='bbox 102 498 133 516; x_wconf 91' lang='lat' dir='ltr'>ut</span> <span class='ocrx_word' id='word_1_112' title='bbox 161 489 232 518; x_wconf 78' lang='lat' dir='ltr'>infra</span> <span class='ocrx_word' id='word_1_113' title='bbox 253 489 280 516; x_wconf 89' lang='lat' dir='ltr'>in</span> <span class='ocrx_word' id='word_1_114' title='bbox 303 488 369 516; x_wconf 68' lang='lat' dir='ltr'>dist.</span> <span class='ocrx_word' id='word_1_115' title='bbox 382 492 468 522; x_wconf 70' lang='lat' dir='ltr'>Baja,</span> <span class='ocrx_word' id='word_1_116' title='bbox 491 497 571 525; x_wconf 83' lang='lat' dir='ltr'>atque</span> <span class='ocrx_word' id='word_1_117' title='bbox 591 488 679 525; x_wconf 79' lang='lat' dir='ltr'>palma</span> <span class='ocrx_word' id='word_1_118' title='bbox 699 487 815 516; x_wconf 70' lang='lat' dir='ltr'>denotat</span> <span class='ocrx_word' id='word_1_119' title='bbox 825 497 892 525; x_wconf 74' lang='lat' dir='ltr'>prae-</span> 
     </span>
    </p>
   </div>
   <div class='ocr_carea' id='block_1_10' title="bbox 867 315 909 2322">
    <p class='ocr_par' dir='ltr' id='par_1_10' title="bbox 867 315 909 2322">
     <span class='ocr_line' id='line_1_17' title="bbox 894 315 909 460; baseline 0 -37"><span class='ocrx_word' id='word_1_120' title='bbox 894 315 909 460; x_wconf 95' lang='lat' dir='ltr'>    </span> 
     </span>
     <span class='ocr_line' id='line_1_18' title="bbox 894 460 908 503; baseline 0 2023"><span class='ocrx_word' id='word_1_121' title='bbox 894 460 908 503; x_wconf 95' lang='lat' dir='ltr'> </span> 
     </span>
     <span class='ocr_line' id='line_1_19' title="bbox 889 596 905 673; baseline 0 -46"><span class='ocrx_word' id='word_1_122' title='bbox 889 596 905 673; x_wconf 95' lang='lat' dir='ltr'>   </span> 
     </span>
     <span class='ocr_line' id='line_1_20' title="bbox 883 673 903 914; baseline 0 0"><span class='ocrx_word' id='word_1_123' title='bbox 883 673 903 914; x_wconf 95' lang='lat' dir='ltr'>    </span> 
     </span>
     <span class='ocr_line' id='line_1_21' title="bbox 883 914 899 952; baseline 0 1574"><span class='ocrx_word' id='word_1_124' title='bbox 883 914 899 952; x_wconf 95' lang='lat' dir='ltr'> </span> 
     </span>
     <span class='ocr_line' id='line_1_22' title="bbox 882 952 898 1155; baseline 0 -80"><span class='ocrx_word' id='word_1_125' title='bbox 882 952 898 1155; x_wconf 95' lang='lat' dir='ltr'>    </span> 
     </span>
     <span class='ocr_line' id='line_1_23' title="bbox 881 1155 895 1269; baseline 0 -33"><span class='ocrx_word' id='word_1_126' title='bbox 881 1155 895 1269; x_wconf 95' lang='lat' dir='ltr'>   </span> 
     </span>
     <span class='ocr_line' id='line_1_24' title="bbox 879 1269 893 1395; baseline 0 -38"><span class='ocrx_word' id='word_1_127' title='bbox 879 1269 893 1395; x_wconf 95' lang='lat' dir='ltr'>    </span> 
     </span>
     <span class='ocr_line' id='line_1_25' title="bbox 875 1395 892 1520; baseline 0 0"><span class='ocrx_word' id='word_1_128' title='bbox 875 1395 892 1520; x_wconf 95' lang='lat' dir='ltr'>   </span> 
     </span>
     <span class='ocr_line' id='line_1_26' title="bbox 871 1601 889 1759; baseline 0 0"><span class='ocrx_word' id='word_1_129' title='bbox 871 1601 889 1759; x_wconf 95' lang='lat' dir='ltr'>    </span> 
     </span>
     <span class='ocr_line' id='line_1_27' title="bbox 870 1759 886 1968; baseline 0 -42"><span class='ocrx_word' id='word_1_130' title='bbox 870 1759 886 1968; x_wconf 95' lang='lat' dir='ltr'>    </span> 
     </span>
     <span class='ocr_line' id='line_1_28' title="bbox 868 1968 883 2130; baseline 0 -122"><span class='ocrx_word' id='word_1_131' title='bbox 868 1968 883 2130; x_wconf 95' lang='lat' dir='ltr'>   </span> 
     </span>
     <span class='ocr_line' id='line_1_29' title="bbox 867 2130 875 2322; baseline 0 -78"><span class='ocrx_word' id='word_1_132' title='bbox 867 2130 875 2322; x_wconf 95' lang='lat' dir='ltr'>    </span> 
     </span>
    </p>
   </div>
   <div class='ocr_carea' id='block_1_11' title="bbox 49 567 889 1740">
    <p class='ocr_par' dir='ltr' id='par_1_11' title="bbox 54 567 889 1498">
     <span class='ocr_line' id='line_1_30' title="bbox 99 567 888 612; baseline -0.006 -12"><span class='ocrx_word' id='word_1_133' title='bbox 99 570 221 607; x_wconf 84' lang='lat' dir='ltr'>dastylus</span> <span class='ocrx_word' id='word_1_134' title='bbox 231 580 321 599; x_wconf 70' lang='lat' dir='ltr'>:tutem</span> <span class='ocrx_word' id='word_1_135' title='bbox 331 579 424 597; x_wconf 76' lang='lat' dir='ltr'>manus</span> <span class='ocrx_word' id='word_1_136' title='bbox 435 568 552 606; x_wconf 75' lang='lat' dir='ltr'>digitum</span> <span class='ocrx_word' id='word_1_137' title='bbox 562 590 570 601; x_wconf 90' lang='lat'><em>‚</em></span> <span class='ocrx_word' id='word_1_138' title='bbox 593 571 620 596; x_wconf 86' lang='lat'>&amp;</span> <span class='ocrx_word' id='word_1_139' title='bbox 631 567 748 596; x_wconf 67' lang='lat' dir='ltr'>frustum</span> <span class='ocrx_word' id='word_1_140' title='bbox 770 569 867 612; x_wconf 43' lang='lat' dir='ltr'>palm&amp;</span> <span class='ocrx_word' id='word_1_141' title='bbox 881 582 888 601; x_wconf 77' lang='lat'>5</span> 
     </span>
     <span class='ocr_line' id='line_1_31' title="bbox 99 608 889 648; baseline -0.003 -8"><span class='ocrx_word' id='word_1_142' title='bbox 99 614 127 640; x_wconf 74' lang='grc' dir='ltr'>ἃ</span> <span class='ocrx_word' id='word_1_143' title='bbox 138 612 244 641; x_wconf 83' lang='lat' dir='ltr'>Bahem</span> <span class='ocrx_word' id='word_1_144' title='bbox 254 633 261 645; x_wconf 94' lang='lat'><em>,</em></span> <span class='ocrx_word' id='word_1_145' title='bbox 283 620 313 638; x_wconf 90' lang='lat' dir='ltr'>ut</span> <span class='ocrx_word' id='word_1_146' title='bbox 323 609 401 648; x_wconf 84' lang='lat' dir='ltr'>supra</span> <span class='ocrx_word' id='word_1_147' title='bbox 410 609 531 638; x_wconf 81' lang='lat' dir='ltr'>vidimus</span> <span class='ocrx_word' id='word_1_148' title='bbox 539 629 548 642; x_wconf 92' lang='lat'><em>‚</em></span> <span class='ocrx_word' id='word_1_149' title='bbox 569 608 665 646; x_wconf 85' lang='lat' dir='ltr'>pollex</span> <span class='ocrx_word' id='word_1_150' title='bbox 674 618 768 637; x_wconf 74' lang='lat' dir='ltr'>manus</span> <span class='ocrx_word' id='word_1_151' title='bbox 788 609 889 639; x_wconf 75' lang='lat' dir='ltr'>arabice</span> 
     </span>
     <span class='ocr_line' id='line_1_32' title="bbox 99 648 886 688; baseline -0.001 -8"><span class='ocrx_word' id='word_1_152' title='bbox 99 652 204 680; x_wconf 87' lang='lat' dir='ltr'>dicitur</span> <span class='ocrx_word' id='word_1_153' title='bbox 212 674 220 680; x_wconf 86' lang='lat'>.</span> <span class='ocrx_word' id='word_1_154' title='bbox 245 653 317 681; x_wconf 80' lang='lat' dir='ltr'>Item</span> <span class='ocrx_word' id='word_1_155' title='bbox 327 651 422 678; x_wconf 79' lang='lat' dir='ltr'>Manus</span> <span class='ocrx_word' id='word_1_156' title='bbox 434 659 523 677; x_wconf 82' lang='lat' dir='ltr'>arcum</span> <span class='ocrx_word' id='word_1_157' title='bbox 535 648 732 687; x_wconf 79' lang='lat' dir='ltr'>triumphalem</span> <span class='ocrx_word' id='word_1_158' title='bbox 743 649 886 688; x_wconf 80' lang='lat' dir='ltr'>fignificat,</span> 
     </span>
     <span class='ocr_line' id='line_1_33' title="bbox 98 689 887 722; baseline 0.001 -2"><span class='ocrx_word' id='word_1_159' title='bbox 98 702 129 720; x_wconf 88' lang='lat' dir='ltr'>ut</span> <span class='ocrx_word' id='word_1_160' title='bbox 140 692 170 721; x_wconf 92' lang='lat' dir='ltr'>in</span> <span class='ocrx_word' id='word_1_161' title='bbox 180 692 245 721; x_wconf 64' lang='lat' dir='ltr'>diet.</span> <span class='ocrx_word' id='word_1_162' title='bbox 255 697 359 721; x_wconf 83' lang='lat' dir='ltr'>Manus</span> <span class='ocrx_word' id='word_1_163' title='bbox 372 690 492 718; x_wconf 81' lang='lat' dir='ltr'>dicemus</span> <span class='ocrx_word' id='word_1_164' title='bbox 503 711 511 722; x_wconf 92' lang='lat'>‚</span> <span class='ocrx_word' id='word_1_165' title='bbox 523 693 552 718; x_wconf 77' lang='grc' dir='ltr'>δε</span> <span class='ocrx_word' id='word_1_166' title='bbox 561 689 614 718; x_wconf 75' lang='lat' dir='ltr'>alia</span> <span class='ocrx_word' id='word_1_167' title='bbox 622 689 723 718; x_wconf 71' lang='lat' dir='ltr'>fimilia</span> <span class='ocrx_word' id='word_1_168' title='bbox 734 711 741 718; x_wconf 87' lang='lat'><strong>.</strong></span> <span class='ocrx_word' id='word_1_169' title='bbox 753 691 799 719; x_wconf 90' lang='lat' dir='ltr'>De</span> <span class='ocrx_word' id='word_1_170' title='bbox 809 696 887 721; x_wconf 82' lang='lat' dir='ltr'>Auro</span> 
     </span>
     <span class='ocr_line' id='line_1_34' title="bbox 98 729 884 770; baseline 0 -8"><span class='ocrx_word' id='word_1_171' title='bbox 98 735 235 762; x_wconf 63' lang='lat' dir='ltr'>coronario</span> <span class='ocrx_word' id='word_1_172' title='bbox 243 754 251 766; x_wconf 92' lang='lat'><em>‚</em></span> <span class='ocrx_word' id='word_1_173' title='bbox 273 736 300 760; x_wconf 76' lang='grc' dir='ltr'>δε</span> <span class='ocrx_word' id='word_1_174' title='bbox 310 731 344 759; x_wconf 84' lang='lat' dir='ltr'>de</span> <span class='ocrx_word' id='word_1_175' title='bbox 354 735 478 768; x_wconf 58' lang='lat' dir='ltr'>Argenta</span> <span class='ocrx_word' id='word_1_176' title='bbox 487 730 658 770; x_wconf 55' lang='lat' dir='ltr'>chrysargyro</span> <span class='ocrx_word' id='word_1_177' title='bbox 668 729 775 769; x_wconf 78' lang='lat' dir='ltr'>scripsit</span> <span class='ocrx_word' id='word_1_178' title='bbox 788 735 884 762; x_wconf 86' lang='lat' dir='ltr'>Baron.</span> 
     </span>
     <span class='ocr_line' id='line_1_35' title="bbox 97 771 883 810; baseline -0.004 -8"><span class='ocrx_word' id='word_1_179' title='bbox 97 776 176 802; x_wconf 88' lang='lat' dir='ltr'>Ann.</span> <span class='ocrx_word' id='word_1_180' title='bbox 191 783 257 810; x_wconf 84' lang='lat'>330.</span> <span class='ocrx_word' id='word_1_181' title='bbox 269 781 360 809; x_wconf 81' lang='lat' dir='ltr'>num.3</span> <span class='ocrx_word' id='word_1_182' title='bbox 368 777 394 799; x_wconf 89' lang='lat'>6.</span> <span class='ocrx_word' id='word_1_183' title='bbox 407 778 453 809; x_wconf 80' lang='lat'>37&#39;.</span> <span class='ocrx_word' id='word_1_184' title='bbox 465 774 491 800; x_wconf 74' lang='grc' dir='ltr'>δι</span> <span class='ocrx_word' id='word_1_185' title='bbox 504 780 518 808; x_wconf 86' lang='lat'><em>3</em></span> <span class='ocrx_word' id='word_1_186' title='bbox 527 775 551 798; x_wconf 83' lang='lat'>8.</span> <span class='ocrx_word' id='word_1_187' title='bbox 564 771 760 806; x_wconf 82' lang='lat' dir='ltr'>Synonymum</span> <span class='ocrx_word' id='word_1_188' title='bbox 772 772 883 802; x_wconf 80' lang='lat' dir='ltr'>Bahem.</span> 
     </span>
     <span class='ocr_line' id='line_1_36' title="bbox 97 813 855 859; baseline -0.003 -17"><span class='ocrx_word' id='word_1_189' title='bbox 97 814 172 842; x_wconf 89' lang='lat' dir='ltr'>Vide</span> <span class='ocrx_word' id='word_1_190' title='bbox 180 813 298 842; x_wconf 85' lang='lat' dir='ltr'>Fodrum</span> <span class='ocrx_word' id='word_1_191' title='bbox 309 831 316 840; x_wconf 82' lang='lat'><strong>.</strong></span> <span class='ocrx_word' id='word_1_192' title='bbox 850 854 855 859; x_wconf 28' lang='grc' dir='ltr'><strong><em>ο</em></strong></span> 
     </span>
     <span class='ocr_line' id='line_1_37' title="bbox 54 848 883 892; baseline 0.001 -10"><span class='ocrx_word' id='word_1_193' title='bbox 54 855 132 889; x_wconf 75' lang='lat' dir='ltr'>BAJA</span> <span class='ocrx_word' id='word_1_194' title='bbox 144 876 152 888; x_wconf 88' lang='lat'><em>‚</em></span> <span class='ocrx_word' id='word_1_195' title='bbox 173 863 261 892; x_wconf 72' lang='lat' dir='ltr'>grzeca</span> <span class='ocrx_word' id='word_1_196' title='bbox 281 863 335 882; x_wconf 80' lang='lat' dir='ltr'>vox</span> <span class='ocrx_word' id='word_1_197' title='bbox 355 848 442 888; x_wconf 63' lang='grc' dir='ltr'><em>Βαῗς,</em></span> <span class='ocrx_word' id='word_1_198' title='bbox 465 863 552 881; x_wconf 78' lang='lat' dir='ltr'>ramus</span> <span class='ocrx_word' id='word_1_199' title='bbox 569 853 714 892; x_wconf 76' lang='lat' dir='ltr'>palmarum</span> <span class='ocrx_word' id='word_1_200' title='bbox 727 876 733 882; x_wconf 89' lang='lat'>.</span> <span class='ocrx_word' id='word_1_201' title='bbox 760 855 883 889; x_wconf 78' lang='lat' dir='ltr'>[Cubile</span> 
     </span>
     <span class='ocr_line' id='line_1_38' title="bbox 95 894 881 933; baseline 0 -10"><span class='ocrx_word' id='word_1_202' title='bbox 95 895 134 924; x_wconf 76' lang='lat' dir='ltr'>eis</span> <span class='ocrx_word' id='word_1_203' title='bbox 143 895 176 924; x_wconf 90' lang='lat' dir='ltr'>de</span> <span class='ocrx_word' id='word_1_204' title='bbox 188 894 261 923; x_wconf 82' lang='lat' dir='ltr'>foliis</span> <span class='ocrx_word' id='word_1_205' title='bbox 272 895 420 933; x_wconf 80' lang='lat' dir='ltr'>palmarum</span> <span class='ocrx_word' id='word_1_206' title='bbox 430 915 438 927; x_wconf 86' lang='lat'><em>‚</em></span> <span class='ocrx_word' id='word_1_207' title='bbox 461 903 525 932; x_wconf 81' lang='lat' dir='ltr'>quas</span> <span class='ocrx_word' id='word_1_208' title='bbox 534 894 604 931; x_wconf 65' lang='lat' dir='ltr'>bajas</span> <span class='ocrx_word' id='word_1_209' title='bbox 626 904 723 922; x_wconf 79' lang='lat' dir='ltr'>vocant</span> <span class='ocrx_word' id='word_1_210' title='bbox 735 917 742 928; x_wconf 88' lang='lat'><em>‚</em></span> <span class='ocrx_word' id='word_1_211' title='bbox 764 905 881 924; x_wconf 83' lang='lat' dir='ltr'>contex-</span> 
     </span>
     <span class='ocr_line' id='line_1_39' title="bbox 94 935 879 986; baseline 0 -22"><span class='ocrx_word' id='word_1_212' title='bbox 94 945 153 964; x_wconf 77' lang='lat' dir='ltr'>tum</span> <span class='ocrx_word' id='word_1_213' title='bbox 171 945 244 964; x_wconf 85' lang='lat' dir='ltr'>erat.</span> <span class='ocrx_word' id='word_1_214' title='bbox 267 937 292 965; x_wconf 89' lang='lat' dir='ltr'>S.</span> <span class='ocrx_word' id='word_1_215' title='bbox 312 935 503 970; x_wconf 84' lang='lat' dir='ltr'>Hieronymus</span> <span class='ocrx_word' id='word_1_216' title='bbox 525 943 621 962; x_wconf 81' lang='lat' dir='ltr'>contra</span> <span class='ocrx_word' id='word_1_217' title='bbox 640 935 736 972; x_wconf 83' lang='lat' dir='ltr'>Jovin.</span> <span class='ocrx_word' id='word_1_218' title='bbox 759 947 815 986; x_wconf 82' lang='lat' dir='ltr'>cap.</span> <span class='ocrx_word' id='word_1_219' title='bbox 828 938 879 972; x_wconf 78' lang='grc'>9,]</span> 
     </span>
     <span class='ocr_line' id='line_1_40' title="bbox 92 974 882 1013; baseline -0.003 -8"><span class='ocrx_word' id='word_1_220' title='bbox 92 976 189 1005; x_wconf 72' lang='lat' dir='ltr'>Graeci</span> <span class='ocrx_word' id='word_1_221' title='bbox 199 975 379 1004; x_wconf 80' lang='lat' dir='ltr'>Dominicam</span> <span class='ocrx_word' id='word_1_222' title='bbox 389 976 541 1004; x_wconf 47' lang='lat' dir='ltr'>Palm-amm</span> <span class='ocrx_word' id='word_1_223' title='bbox 551 974 694 1013; x_wconf 62' lang='grc' dir='ltr'>Βαῖοφίρυν</span> <span class='ocrx_word' id='word_1_224' title='bbox 712 976 802 1013; x_wconf 67' lang='lat' dir='ltr'>iopzlw</span> <span class='ocrx_word' id='word_1_225' title='bbox 811 999 818 1010; x_wconf 93' lang='lat'><em>‚</em></span> <span class='ocrx_word' id='word_1_226' title='bbox 841 976 882 1004; x_wconf 85' lang='lat' dir='ltr'>id-</span> 
     </span>
     <span class='ocr_line' id='line_1_41' title="bbox 93 1011 881 1054; baseline 0 -10"><span class='ocrx_word' id='word_1_227' title='bbox 93 1016 151 1048; x_wconf 86' lang='lat' dir='ltr'>est,</span> <span class='ocrx_word' id='word_1_228' title='bbox 169 1016 351 1054; x_wconf 61' lang='lat' dir='ltr'>palmiferum</span> <span class='ocrx_word' id='word_1_229' title='bbox 368 1015 471 1053; x_wconf 83' lang='lat' dir='ltr'>festum</span> <span class='ocrx_word' id='word_1_230' title='bbox 484 1036 492 1047; x_wconf 86' lang='lat'><em>,</em></span> <span class='ocrx_word' id='word_1_231' title='bbox 514 1014 561 1043; x_wconf 90' lang='lat' dir='ltr'>scd</span> <span class='ocrx_word' id='word_1_232' title='bbox 571 1011 654 1045; x_wconf 54' lang='lat' dir='ltr'>Botion</span> <span class='ocrx_word' id='word_1_233' title='bbox 670 1015 765 1044; x_wconf 86' lang='lat' dir='ltr'>dicunt</span> <span class='ocrx_word' id='word_1_234' title='bbox 776 1037 783 1044; x_wconf 92' lang='lat'><strong>.</strong></span> <span class='ocrx_word' id='word_1_235' title='bbox 808 1016 881 1045; x_wconf 87' lang='lat' dir='ltr'>Vide</span> 
     </span>
     <span class='ocr_line' id='line_1_42' title="bbox 94 1055 880 1093; baseline 0.003 -11"><span class='ocrx_word' id='word_1_236' title='bbox 94 1059 246 1085; x_wconf 79' lang='lat' dir='ltr'>Dominica</span> <span class='ocrx_word' id='word_1_237' title='bbox 276 1056 440 1085; x_wconf 82' lang='lat' dir='ltr'>Palmarum</span> <span class='ocrx_word' id='word_1_238' title='bbox 453 1075 460 1082; x_wconf 88' lang='lat'><strong>.</strong></span> <span class='ocrx_word' id='word_1_239' title='bbox 483 1056 647 1084; x_wconf 74' lang='lat' dir='ltr'>Palmamm</span> <span class='ocrx_word' id='word_1_240' title='bbox 675 1055 779 1093; x_wconf 80' lang='lat' dir='ltr'>festum</span> <span class='ocrx_word' id='word_1_241' title='bbox 791 1077 798 1084; x_wconf 88' lang='lat'><strong><em>.</em></strong></span> <span class='ocrx_word' id='word_1_242' title='bbox 823 1058 880 1086; x_wconf 68' lang='lat' dir='ltr'>PR.</span> 
     </span>
     <span class='ocr_line' id='line_1_43' title="bbox 93 1095 879 1135; baseline 0.001 -10"><span class='ocrx_word' id='word_1_243' title='bbox 93 1097 194 1134; x_wconf 81' lang='lat' dir='ltr'>Aliqui</span> <span class='ocrx_word' id='word_1_244' title='bbox 213 1105 354 1135; x_wconf 78' lang='lat' dir='ltr'>perperam</span> <span class='ocrx_word' id='word_1_245' title='bbox 371 1095 502 1124; x_wconf 69' lang='lat' dir='ltr'>damnant</span> <span class='ocrx_word' id='word_1_246' title='bbox 520 1096 683 1129; x_wconf 60' lang='lat' dir='ltr'>Manlium,</span> <span class='ocrx_word' id='word_1_247' title='bbox 705 1097 767 1135; x_wconf 75' lang='lat' dir='ltr'>quia</span> <span class='ocrx_word' id='word_1_248' title='bbox 776 1103 879 1134; x_wconf 68' lang='lat' dir='ltr'>BaJum</span> 
     </span>
     <span class='ocr_line' id='line_1_44' title="bbox 92 1135 879 1174; baseline -0.001 -9"><span class='ocrx_word' id='word_1_249' title='bbox 92 1136 202 1165; x_wconf 77' lang='lat' dir='ltr'>dixerat</span> <span class='ocrx_word' id='word_1_250' title='bbox 211 1137 312 1166; x_wconf 86' lang='lat' dir='ltr'>donum</span> <span class='ocrx_word' id='word_1_251' title='bbox 321 1135 472 1174; x_wconf 74' lang='lat' dir='ltr'>significare</span> <span class='ocrx_word' id='word_1_252' title='bbox 483 1146 490 1166; x_wconf 79' lang='lat'><em>⁵</em></span> <span class='ocrx_word' id='word_1_253' title='bbox 513 1145 637 1173; x_wconf 78' lang='lat' dir='ltr'>putantes</span> <span class='ocrx_word' id='word_1_254' title='bbox 655 1135 709 1164; x_wconf 86' lang='lat' dir='ltr'>hoc</span> <span class='ocrx_word' id='word_1_255' title='bbox 722 1138 879 1166; x_wconf 71' lang='lat' dir='ltr'>vocabulum</span> 
     </span>
     <span class='ocr_line' id='line_1_45' title="bbox 91 1175 881 1216; baseline -0.001 -10"><span class='ocrx_word' id='word_1_256' title='bbox 91 1177 205 1206; x_wconf 81' lang='lat' dir='ltr'>nonnisi</span> <span class='ocrx_word' id='word_1_257' title='bbox 222 1178 316 1216; x_wconf 78' lang='lat' dir='ltr'>palmae</span> <span class='ocrx_word' id='word_1_258' title='bbox 335 1185 437 1204; x_wconf 73' lang='lat' dir='ltr'>ramum</span> <span class='ocrx_word' id='word_1_259' title='bbox 446 1175 594 1203; x_wconf 80' lang='lat' dir='ltr'>denotare:</span> <span class='ocrx_word' id='word_1_260' title='bbox 618 1175 666 1203; x_wconf 85' lang='lat' dir='ltr'>sed</span> <span class='ocrx_word' id='word_1_261' title='bbox 675 1177 807 1206; x_wconf 79' lang='lat' dir='ltr'>Menrsius</span> <span class='ocrx_word' id='word_1_262' title='bbox 828 1177 881 1205; x_wconf 89' lang='lat' dir='ltr'>mi-</span> 
     </span>
     <span class='ocr_line' id='line_1_46' title="bbox 91 1215 879 1251; baseline 0 -5"><span class='ocrx_word' id='word_1_263' title='bbox 91 1219 168 1246; x_wconf 86' lang='lat' dir='ltr'>nime</span> <span class='ocrx_word' id='word_1_264' title='bbox 177 1225 312 1245; x_wconf 69' lang='lat' dir='ltr'>erraverat</span> <span class='ocrx_word' id='word_1_265' title='bbox 323 1227 330 1247; x_wconf 79' lang='lat'>5</span> <span class='ocrx_word' id='word_1_266' title='bbox 351 1216 451 1245; x_wconf 78' lang='lat' dir='ltr'>namin</span> <span class='ocrx_word' id='word_1_267' title='bbox 461 1215 524 1243; x_wconf 69' lang='lat' dir='ltr'>dist.</span> <span class='ocrx_word' id='word_1_268' title='bbox 538 1216 644 1244; x_wconf 82' lang='lat' dir='ltr'>Bahem</span> <span class='ocrx_word' id='word_1_269' title='bbox 663 1215 784 1245; x_wconf 84' lang='lat' dir='ltr'>diximus</span> <span class='ocrx_word' id='word_1_270' title='bbox 795 1221 879 1251; x_wconf 73' lang='lat' dir='ltr'>Bam,</span> 
     </span>
     <span class='ocr_line' id='line_1_47' title="bbox 90 1256 880 1297; baseline 0.003 -12"><span class='ocrx_word' id='word_1_271' title='bbox 90 1262 216 1293; x_wconf 60' lang='lat' dir='ltr'>&amp;Balara</span> <span class='ocrx_word' id='word_1_272' title='bbox 234 1267 342 1296; x_wconf 63' lang='lat' dir='ltr'>graece,</span> <span class='ocrx_word' id='word_1_273' title='bbox 364 1256 450 1285; x_wconf 79' lang='lat' dir='ltr'>latine</span> <span class='ocrx_word' id='word_1_274' title='bbox 460 1261 563 1290; x_wconf 69' lang='lat' dir='ltr'>Rujum</span> <span class='ocrx_word' id='word_1_275' title='bbox 583 1262 638 1284; x_wconf 72' lang='lat' dir='ltr'>tam</span> <span class='ocrx_word' id='word_1_276' title='bbox 659 1256 780 1291; x_wconf 85' lang='lat' dir='ltr'>donum,</span> <span class='ocrx_word' id='word_1_277' title='bbox 800 1269 880 1297; x_wconf 79' lang='lat' dir='ltr'>quam</span> 
     </span>
     <span class='ocr_line' id='line_1_48' title="bbox 90 1296 877 1337; baseline 0.003 -11"><span class='ocrx_word' id='word_1_278' title='bbox 90 1299 209 1337; x_wconf 83' lang='lat' dir='ltr'>palmam</span> <span class='ocrx_word' id='word_1_279' title='bbox 231 1298 381 1336; x_wconf 71' lang='lat' dir='ltr'>importare</span> <span class='ocrx_word' id='word_1_280' title='bbox 392 1319 398 1330; x_wconf 88' lang='lat'>‚</span> <span class='ocrx_word' id='word_1_281' title='bbox 422 1296 486 1325; x_wconf 81' lang='lat' dir='ltr'>lunc</span> <span class='ocrx_word' id='word_1_282' title='bbox 499 1297 622 1326; x_wconf 89' lang='lat' dir='ltr'>Cedreni</span> <span class='ocrx_word' id='word_1_283' title='bbox 632 1320 640 1331; x_wconf 86' lang='lat'><em>,</em></span> <span class='ocrx_word' id='word_1_284' title='bbox 664 1301 691 1326; x_wconf 73' lang='grc' dir='ltr'>ὅ(</span> <span class='ocrx_word' id='word_1_285' title='bbox 715 1298 877 1337; x_wconf 72' lang='lat' dir='ltr'>luitprandi</span> 
     </span>
     <span class='ocr_line' id='line_1_49' title="bbox 88 1337 877 1376; baseline 0.003 -9"><span class='ocrx_word' id='word_1_286' title='bbox 88 1339 261 1367; x_wconf 65' lang='lat' dir='ltr'>atiRoritatm</span> <span class='ocrx_word' id='word_1_287' title='bbox 281 1338 392 1376; x_wconf 79' lang='lat' dir='ltr'>politam</span> <span class='ocrx_word' id='word_1_288' title='bbox 411 1338 441 1366; x_wconf 86' lang='lat' dir='ltr'>in</span> <span class='ocrx_word' id='word_1_289' title='bbox 461 1337 592 1376; x_wconf 76' lang='lat' dir='ltr'>originali</span> <span class='ocrx_word' id='word_1_290' title='bbox 614 1337 661 1366; x_wconf 87' lang='lat' dir='ltr'>sub</span> <span class='ocrx_word' id='word_1_291' title='bbox 678 1337 731 1367; x_wconf 86' lang='lat' dir='ltr'>hoc</span> <span class='ocrx_word' id='word_1_292' title='bbox 747 1340 877 1369; x_wconf 77' lang='lat' dir='ltr'>vocabulo</span> 
     </span>
     <span class='ocr_line' id='line_1_50' title="bbox 89 1378 876 1419; baseline 0.001 -11"><span class='ocrx_word' id='word_1_293' title='bbox 89 1384 164 1415; x_wconf 68' lang='lat' dir='ltr'>Baja</span> <span class='ocrx_word' id='word_1_294' title='bbox 173 1380 202 1407; x_wconf 86' lang='lat' dir='ltr'>in</span> <span class='ocrx_word' id='word_1_295' title='bbox 210 1378 364 1419; x_wconf 80' lang='lat' dir='ltr'>fignificatu</span> <span class='ocrx_word' id='word_1_296' title='bbox 387 1380 508 1407; x_wconf 85' lang='lat' dir='ltr'>muneris</span> <span class='ocrx_word' id='word_1_297' title='bbox 519 1399 527 1411; x_wconf 88' lang='lat'><em>,</em></span> <span class='ocrx_word' id='word_1_298' title='bbox 548 1378 760 1417; x_wconf 72' lang='lat' dir='ltr'>transposuimus</span> <span class='ocrx_word' id='word_1_299' title='bbox 771 1380 801 1408; x_wconf 87' lang='lat' dir='ltr'>iu</span> <span class='ocrx_word' id='word_1_300' title='bbox 811 1380 876 1409; x_wconf 70' lang='lat' dir='ltr'>diet.</span> 
     </span>
     <span class='ocr_line' id='line_1_51' title="bbox 89 1419 875 1453; baseline 0.001 -6"><span class='ocrx_word' id='word_1_301' title='bbox 89 1421 196 1450; x_wconf 82' lang='lat' dir='ltr'>Bahem</span> <span class='ocrx_word' id='word_1_302' title='bbox 210 1442 217 1453; x_wconf 94' lang='lat'><em>,</em></span> <span class='ocrx_word' id='word_1_303' title='bbox 240 1429 301 1448; x_wconf 79' lang='lat' dir='ltr'>mm</span> <span class='ocrx_word' id='word_1_304' title='bbox 318 1421 424 1449; x_wconf 81' lang='lat' dir='ltr'>Auc&#39;tor</span> <span class='ocrx_word' id='word_1_305' title='bbox 445 1420 482 1449; x_wconf 89' lang='lat' dir='ltr'>ibi</span> <span class='ocrx_word' id='word_1_306' title='bbox 503 1419 600 1448; x_wconf 77' lang='lat' dir='ltr'>fatetur</span> <span class='ocrx_word' id='word_1_307' title='bbox 615 1430 711 1450; x_wconf 81' lang='lat' dir='ltr'>vocem</span> <span class='ocrx_word' id='word_1_308' title='bbox 730 1420 807 1449; x_wconf 83' lang='lat' dir='ltr'>illam</span> <span class='ocrx_word' id='word_1_309' title='bbox 817 1432 875 1450; x_wconf 82' lang='lat' dir='ltr'>non</span> 
     </span>
     <span class='ocr_line' id='line_1_52' title="bbox 88 1460 629 1498; baseline 0.004 -11"><span class='ocrx_word' id='word_1_310' title='bbox 88 1460 252 1498; x_wconf 68' lang='lat' dir='ltr'>percepiss‘e5</span> <span class='ocrx_word' id='word_1_311' title='bbox 274 1461 338 1489; x_wconf 89' lang='lat' dir='ltr'>ideo</span> <span class='ocrx_word' id='word_1_312' title='bbox 350 1460 569 1498; x_wconf 69' lang='lat' dir='ltr'>aequivocaverat</span> <span class='ocrx_word' id='word_1_313' title='bbox 578 1464 629 1491; x_wconf 85' lang='lat' dir='ltr'>&amp;c.</span> 
     </span>
    </p>

    <p class='ocr_par' dir='ltr' id='par_1_12' title="bbox 50 1501 510 1535">
     <span class='ocr_line' id='line_1_53' title="bbox 50 1501 510 1535; baseline 0.004 -7"><span class='ocrx_word' id='word_1_314' title='bbox 50 1502 128 1529; x_wconf 68' lang='grc' dir='ltr'>ΒΑΙΝ</span> <span class='ocrx_word' id='word_1_315' title='bbox 142 1521 149 1532; x_wconf 85' lang='grc'>,</span> <span class='ocrx_word' id='word_1_316' title='bbox 170 1504 197 1528; x_wconf 79' lang='grc' dir='ltr'>ὃ(</span> <span class='ocrx_word' id='word_1_317' title='bbox 209 1506 305 1535; x_wconf 82' lang='lat' dir='ltr'>Bajon.</span> <span class='ocrx_word' id='word_1_318' title='bbox 317 1501 391 1529; x_wconf 84' lang='lat' dir='ltr'>Vide</span> <span class='ocrx_word' id='word_1_319' title='bbox 403 1503 492 1530; x_wconf 80' lang='lat' dir='ltr'>Bahes</span> <span class='ocrx_word' id='word_1_320' title='bbox 503 1522 510 1530; x_wconf 93' lang='lat'>.</span> 
     </span>
    </p>

    <p class='ocr_par' dir='ltr' id='par_1_13' title="bbox 49 1540 873 1740">
     <span class='ocr_line' id='line_1_54' title="bbox 49 1540 872 1586; baseline 0.002 -17"><span class='ocrx_word' id='word_1_321' title='bbox 49 1543 148 1569; x_wconf 62' lang='lat' dir='ltr'>Barim</span> <span class='ocrx_word' id='word_1_322' title='bbox 159 1560 166 1567; x_wconf 93' lang='lat'>.</span> <span class='ocrx_word' id='word_1_323' title='bbox 190 1542 247 1569; x_wconf 77' lang='lat' dir='ltr'>FR.</span> <span class='ocrx_word' id='word_1_324' title='bbox 259 1540 368 1569; x_wconf 78' lang='lat' dir='ltr'>Barium</span> <span class='ocrx_word' id='word_1_325' title='bbox 385 1543 495 1581; x_wconf 80' lang='lat' dir='ltr'>Apuliae</span> <span class='ocrx_word' id='word_1_326' title='bbox 508 1541 618 1571; x_wconf 82' lang='lat' dir='ltr'>Civitas</span> <span class='ocrx_word' id='word_1_327' title='bbox 629 1563 635 1570; x_wconf 94' lang='lat'>.</span> <span class='ocrx_word' id='word_1_328' title='bbox 657 1546 672 1577; x_wconf 72' lang='lat' dir='ltr'>t</span> <span class='ocrx_word' id='word_1_329' title='bbox 685 1541 807 1586; x_wconf 76' lang='lat' dir='ltr'>Tandem</span> <span class='ocrx_word' id='word_1_330' title='bbox 830 1543 872 1572; x_wconf 90' lang='lat' dir='ltr'>in-</span> 
     </span>
     <span class='ocr_line' id='line_1_55' title="bbox 88 1578 872 1619; baseline 0.006 -12"><span class='ocrx_word' id='word_1_331' title='bbox 88 1578 190 1619; x_wconf 78' lang='lat' dir='ltr'>gresliis</span> <span class='ocrx_word' id='word_1_332' title='bbox 212 1590 308 1609; x_wconf 66' lang='lat' dir='ltr'>navem</span> <span class='ocrx_word' id='word_1_333' title='bbox 318 1603 326 1613; x_wconf 89' lang='lat'><em>‚</em></span> <span class='ocrx_word' id='word_1_334' title='bbox 349 1582 453 1610; x_wconf 76' lang='lat' dir='ltr'>Bait-am</span> <span class='ocrx_word' id='word_1_335' title='bbox 486 1583 628 1611; x_wconf 77' lang='lat' dir='ltr'>civitatem</span> <span class='ocrx_word' id='word_1_336' title='bbox 651 1583 741 1612; x_wconf 64' lang='lat' dir='ltr'>Sancti</span> <span class='ocrx_word' id='word_1_337' title='bbox 762 1584 872 1612; x_wconf 82' lang='lat' dir='ltr'>Nicolai</span> 
     </span>
     <span class='ocr_line' id='line_1_56' title="bbox 87 1620 873 1659; baseline 0.006 -11"><span class='ocrx_word' id='word_1_338' title='bbox 87 1620 219 1659; x_wconf 82' lang='lat' dir='ltr'>pervenit</span> <span class='ocrx_word' id='word_1_339' title='bbox 232 1641 238 1648; x_wconf 85' lang='lat'><strong>.</strong></span> <span class='ocrx_word' id='word_1_340' title='bbox 250 1621 418 1651; x_wconf 76' lang='lat' dir='ltr'>Altorferius</span> <span class='ocrx_word' id='word_1_341' title='bbox 428 1622 576 1651; x_wconf 77' lang='lat' dir='ltr'>Monachus</span> <span class='ocrx_word' id='word_1_342' title='bbox 585 1623 613 1651; x_wconf 90' lang='lat' dir='ltr'>in</span> <span class='ocrx_word' id='word_1_343' title='bbox 625 1623 730 1652; x_wconf 83' lang='lat' dir='ltr'>Histor.</span> <span class='ocrx_word' id='word_1_344' title='bbox 742 1623 776 1652; x_wconf 88' lang='lat' dir='ltr'>de</span> <span class='ocrx_word' id='word_1_345' title='bbox 787 1626 873 1653; x_wconf 85' lang='lat' dir='ltr'>Guel-</span> 
     </span>
     <span class='ocr_line' id='line_1_57' title="bbox 86 1660 871 1703; baseline 0.008 -15"><span class='ocrx_word' id='word_1_346' title='bbox 86 1660 151 1699; x_wconf 84' lang='lat' dir='ltr'>phis</span> <span class='ocrx_word' id='word_1_347' title='bbox 161 1661 283 1699; x_wconf 68' lang='lat' dir='ltr'>Princip.</span> <span class='ocrx_word' id='word_1_348' title='bbox 293 1662 323 1690; x_wconf 90' lang='lat' dir='ltr'>in</span> <span class='ocrx_word' id='word_1_349' title='bbox 334 1673 389 1700; x_wconf 81' lang='lat' dir='ltr'>cap.</span> <span class='ocrx_word' id='word_1_350' title='bbox 401 1662 434 1691; x_wconf 86' lang='lat' dir='ltr'>de</span> <span class='ocrx_word' id='word_1_351' title='bbox 446 1663 712 1698; x_wconf 81' lang='lat' dir='ltr'>HermericoDuce,</span> <span class='ocrx_word' id='word_1_352' title='bbox 733 1663 779 1703; x_wconf 89' lang='lat' dir='ltr'>qui</span> <span class='ocrx_word' id='word_1_353' title='bbox 790 1663 871 1694; x_wconf 65' lang='lat' dir='ltr'>faetus</span> 
     </span>
     <span class='ocr_line' id='line_1_58' title="bbox 83 1701 536 1740; baseline 0.007 -11"><span class='ocrx_word' id='word_1_354' title='bbox 83 1701 124 1729; x_wconf 81' lang='lat' dir='ltr'>est</span> <span class='ocrx_word' id='word_1_355' title='bbox 135 1701 287 1730; x_wconf 69' lang='lat' dir='ltr'>Monachus</span> <span class='ocrx_word' id='word_1_356' title='bbox 297 1704 366 1740; x_wconf 80' lang='lat' dir='ltr'>apud</span> <span class='ocrx_word' id='word_1_357' title='bbox 377 1703 519 1732; x_wconf 78' lang='lat' dir='ltr'>Canisium</span> <span class='ocrx_word' id='word_1_358' title='bbox 529 1724 536 1732; x_wconf 91' lang='lat'><strong>.</strong></span> 
     </span>
    </p>
   </div>
   <div class='ocr_carea' id='block_1_12' title="bbox 45 1781 870 2354">
    <p class='ocr_par' dir='ltr' id='par_1_14' title="bbox 45 1781 870 2354">
     <span class='ocr_line' id='line_1_59' title="bbox 45 1781 869 1825; baseline 0.007 -16"><span class='ocrx_word' id='word_1_359' title='bbox 45 1781 182 1816; x_wconf 68' lang='lat' dir='ltr'>BAJutus</span> <span class='ocrx_word' id='word_1_360' title='bbox 194 1804 202 1815; x_wconf 89' lang='lat'><strong><em>,</em></strong></span> <span class='ocrx_word' id='word_1_361' title='bbox 223 1793 332 1812; x_wconf 85' lang='lat' dir='ltr'>morum</span> <span class='ocrx_word' id='word_1_362' title='bbox 344 1784 464 1813; x_wconf 71' lang='lat' dir='ltr'>direftor</span> <span class='ocrx_word' id='word_1_363' title='bbox 474 1807 480 1818; x_wconf 91' lang='lat'><em>‚</em></span> <span class='ocrx_word' id='word_1_364' title='bbox 503 1784 545 1813; x_wconf 89' lang='lat' dir='ltr'>cui</span> <span class='ocrx_word' id='word_1_365' title='bbox 555 1784 607 1814; x_wconf 85' lang='lat' dir='ltr'>filii</span> <span class='ocrx_word' id='word_1_366' title='bbox 617 1785 781 1825; x_wconf 82' lang='lat' dir='ltr'>Principum</span> <span class='ocrx_word' id='word_1_367' title='bbox 794 1795 869 1815; x_wconf 82' lang='lat' dir='ltr'>eom-</span> 
     </span>
     <span class='ocr_line' id='line_1_60' title="bbox 85 1823 870 1865; baseline 0.009 -16"><span class='ocrx_word' id='word_1_368' title='bbox 85 1823 251 1852; x_wconf 86' lang='lat' dir='ltr'>mittuntur.</span> <span class='ocrx_word' id='word_1_369' title='bbox 277 1830 290 1859; x_wconf 88' lang='grc'>[</span> <span class='ocrx_word' id='word_1_370' title='bbox 302 1826 423 1864; x_wconf 79' lang='lat' dir='ltr'>Regibus</span> <span class='ocrx_word' id='word_1_371' title='bbox 433 1825 534 1853; x_wconf 83' lang='lat' dir='ltr'>nostris</span> <span class='ocrx_word' id='word_1_372' title='bbox 544 1835 661 1855; x_wconf 81' lang='lat' dir='ltr'>maturos</span> <span class='ocrx_word' id='word_1_373' title='bbox 672 1848 680 1859; x_wconf 94' lang='lat'><em>,</em></span> <span class='ocrx_word' id='word_1_374' title='bbox 702 1837 731 1855; x_wconf 83' lang='lat' dir='ltr'>ac</span> <span class='ocrx_word' id='word_1_375' title='bbox 750 1827 870 1865; x_wconf 89' lang='lat' dir='ltr'>pruden-</span> 
     </span>
     <span class='ocr_line' id='line_1_61' title="bbox 84 1863 868 1905; baseline 0.009 -15"><span class='ocrx_word' id='word_1_376' title='bbox 84 1871 125 1891; x_wconf 79' lang='lat' dir='ltr'>tes</span> <span class='ocrx_word' id='word_1_377' title='bbox 138 1886 145 1895; x_wconf 84' lang='lat'><em>‚</em></span> <span class='ocrx_word' id='word_1_378' title='bbox 156 1873 236 1902; x_wconf 82' lang='lat' dir='ltr'>atque</span> <span class='ocrx_word' id='word_1_379' title='bbox 244 1863 348 1893; x_wconf 80' lang='lat' dir='ltr'>sobrios</span> <span class='ocrx_word' id='word_1_380' title='bbox 359 1867 459 1904; x_wconf 77' lang='lat' dir='ltr'>bajulos</span> <span class='ocrx_word' id='word_1_381' title='bbox 470 1866 584 1905; x_wconf 79' lang='lat' dir='ltr'>lingulis</span> <span class='ocrx_word' id='word_1_382' title='bbox 594 1867 753 1896; x_wconf 85' lang='lat' dir='ltr'>constituite</span> <span class='ocrx_word' id='word_1_383' title='bbox 763 1889 769 1895; x_wconf 91' lang='lat'>.</span> <span class='ocrx_word' id='word_1_384' title='bbox 781 1868 868 1897; x_wconf 85' lang='lat' dir='ltr'>Hinc-</span> 
     </span>
     <span class='ocr_line' id='line_1_62' title="bbox 85 1904 868 1947; baseline 0.008 -16"><span class='ocrx_word' id='word_1_385' title='bbox 85 1912 150 1931; x_wconf 77' lang='lat' dir='ltr'>imr.</span> <span class='ocrx_word' id='word_1_386' title='bbox 172 1904 256 1942; x_wconf 76' lang='lat' dir='ltr'>Epist.</span> <span class='ocrx_word' id='word_1_387' title='bbox 273 1916 281 1932; x_wconf 84' lang='lat' dir='ltr'>i</span> <span class='ocrx_word' id='word_1_388' title='bbox 293 1917 315 1934; x_wconf 87' lang='lat' dir='ltr'>i.</span> <span class='ocrx_word' id='word_1_389' title='bbox 335 1917 392 1945; x_wconf 85' lang='lat' dir='ltr'>cap.</span> <span class='ocrx_word' id='word_1_390' title='bbox 408 1917 449 1934; x_wconf 87' lang='lat'>11.</span> <span class='ocrx_word' id='word_1_391' title='bbox 473 1909 530 1936; x_wconf 73' lang='lat' dir='ltr'>PR.</span> <span class='ocrx_word' id='word_1_392' title='bbox 552 1907 661 1941; x_wconf 75' lang='lat' dir='ltr'>italice,</span> <span class='ocrx_word' id='word_1_393' title='bbox 684 1918 711 1935; x_wconf 85' lang='lat' dir='ltr'>ac</span> <span class='ocrx_word' id='word_1_394' title='bbox 730 1907 868 1947; x_wconf 82' lang='lat' dir='ltr'>hispanice</span> 
     </span>
     <span class='ocr_line' id='line_1_63' title="bbox 82 1944 868 1987; baseline 0.006 -14"><span class='ocrx_word' id='word_1_395' title='bbox 82 1948 138 1979; x_wconf 54' lang='lat' dir='ltr'>Alo</span> <span class='ocrx_word' id='word_1_396' title='bbox 149 1944 249 1973; x_wconf 81' lang='lat' dir='ltr'>dicitur</span> <span class='ocrx_word' id='word_1_397' title='bbox 259 1946 298 1980; x_wconf 72' lang='grc' dir='ltr'>εΙΙε</span> <span class='ocrx_word' id='word_1_398' title='bbox 308 1950 336 1974; x_wconf 89' lang='lat'>&amp;</span> <span class='ocrx_word' id='word_1_399' title='bbox 349 1948 446 1976; x_wconf 74' lang='lat' dir='ltr'>Radia.</span> <span class='ocrx_word' id='word_1_400' title='bbox 465 1947 583 1976; x_wconf 64' lang='lat' dir='ltr'>directio</span> <span class='ocrx_word' id='word_1_401' title='bbox 599 1948 789 1987; x_wconf 85' lang='lat' dir='ltr'>intelligitur.</span> <span class='ocrx_word' id='word_1_402' title='bbox 809 1951 868 1985; x_wconf 88' lang='lat' dir='ltr'>[In</span> 
     </span>
     <span class='ocr_line' id='line_1_64' title="bbox 84 1984 866 2025; baseline 0.009 -14"><span class='ocrx_word' id='word_1_403' title='bbox 84 1984 248 2013; x_wconf 73' lang='lat' dir='ltr'>testamento</span> <span class='ocrx_word' id='word_1_404' title='bbox 264 1986 425 2016; x_wconf 65' lang='lat' dir='ltr'>relictussub</span> <span class='ocrx_word' id='word_1_405' title='bbox 433 1987 512 2016; x_wconf 77' lang='lat' dir='ltr'>bailia</span> <span class='ocrx_word' id='word_1_406' title='bbox 530 1989 639 2018; x_wconf 79' lang='lat' dir='ltr'>Urbani</span> <span class='ocrx_word' id='word_1_407' title='bbox 656 1990 709 2018; x_wconf 85' lang='lat' dir='ltr'>IV.</span> <span class='ocrx_word' id='word_1_408' title='bbox 720 1992 866 2025; x_wconf 85' lang='lat' dir='ltr'>Anonym.</span> 
     </span>
     <span class='ocr_line' id='line_1_65' title="bbox 84 2025 866 2067; baseline 0.01 -15"><span class='ocrx_word' id='word_1_409' title='bbox 84 2025 118 2053; x_wconf 89' lang='lat' dir='ltr'>dc</span> <span class='ocrx_word' id='word_1_410' title='bbox 136 2025 260 2054; x_wconf 70' lang='lat' dir='ltr'>invellit.</span> <span class='ocrx_word' id='word_1_411' title='bbox 272 2026 398 2066; x_wconf 84' lang='lat' dir='ltr'>Episcop.</span> <span class='ocrx_word' id='word_1_412' title='bbox 415 2031 487 2067; x_wconf 89' lang='lat' dir='ltr'>Reg.</span> <span class='ocrx_word' id='word_1_413' title='bbox 506 2028 670 2061; x_wconf 58' lang='lat' dir='ltr'>&#39;theutond</span> <span class='ocrx_word' id='word_1_414' title='bbox 695 2030 800 2059; x_wconf 84' lang='lat' dir='ltr'>Orator</span> <span class='ocrx_word' id='word_1_415' title='bbox 811 2033 866 2060; x_wconf 82' lang='lat' dir='ltr'>Ve-</span> 
     </span>
     <span class='ocr_line' id='line_1_66' title="bbox 82 2066 864 2109; baseline 0.009 -16"><span class='ocrx_word' id='word_1_416' title='bbox 82 2074 160 2094; x_wconf 85' lang='lat' dir='ltr'>netus</span> <span class='ocrx_word' id='word_1_417' title='bbox 172 2066 200 2094; x_wconf 91' lang='lat' dir='ltr'>in</span> <span class='ocrx_word' id='word_1_418' title='bbox 210 2067 424 2107; x_wconf 77' lang='lat' dir='ltr'>Constantinop.</span> <span class='ocrx_word' id='word_1_419' title='bbox 436 2069 563 2098; x_wconf 76' lang='lat' dir='ltr'>Civitate</span> <span class='ocrx_word' id='word_1_420' title='bbox 582 2082 615 2100; x_wconf 84' lang='lat' dir='ltr'>ex</span> <span class='ocrx_word' id='word_1_421' title='bbox 625 2070 741 2109; x_wconf 80' lang='lat' dir='ltr'>antiquo</span> <span class='ocrx_word' id='word_1_422' title='bbox 758 2071 805 2100; x_wconf 84' lang='lat' dir='ltr'>usu</span> <span class='ocrx_word' id='word_1_423' title='bbox 823 2072 864 2100; x_wconf 90' lang='lat' dir='ltr'>di-</span> 
     </span>
     <span class='ocr_line' id='line_1_67' title="bbox 82 2106 862 2149; baseline 0.009 -15"><span class='ocrx_word' id='word_1_424' title='bbox 82 2106 155 2135; x_wconf 84' lang='lat' dir='ltr'>eitur</span> <span class='ocrx_word' id='word_1_425' title='bbox 183 2107 294 2136; x_wconf 68' lang='lat' dir='ltr'>Balbus</span> <span class='ocrx_word' id='word_1_426' title='bbox 307 2129 314 2140; x_wconf 85' lang='lat'><em>,</em></span> <span class='ocrx_word' id='word_1_427' title='bbox 337 2108 404 2137; x_wconf 80' lang='lat' dir='ltr'>idest</span> <span class='ocrx_word' id='word_1_428' title='bbox 414 2131 422 2141; x_wconf 93' lang='lat'>,</span> <span class='ocrx_word' id='word_1_429' title='bbox 444 2111 621 2149; x_wconf 80' lang='lat' dir='ltr'>negotiorum</span> <span class='ocrx_word' id='word_1_430' title='bbox 643 2111 764 2140; x_wconf 70' lang='lat' dir='ltr'>director</span> <span class='ocrx_word' id='word_1_431' title='bbox 775 2124 782 2139; x_wconf 89' lang='lat'>:</span> <span class='ocrx_word' id='word_1_432' title='bbox 807 2115 862 2142; x_wconf 63' lang='lat' dir='ltr'>PR.</span> 
     </span>
     <span class='ocr_line' id='line_1_68' title="bbox 79 2144 862 2192; baseline 0.009 -17"><span class='ocrx_word' id='word_1_433' title='bbox 79 2144 125 2175; x_wconf 89' lang='lat' dir='ltr'>seu</span> <span class='ocrx_word' id='word_1_434' title='bbox 136 2148 228 2184; x_wconf 85' lang='lat' dir='ltr'>potius</span> <span class='ocrx_word' id='word_1_435' title='bbox 247 2159 280 2176; x_wconf 81' lang='lat' dir='ltr'>ex</span> <span class='ocrx_word' id='word_1_436' title='bbox 299 2150 413 2187; x_wconf 83' lang='lat' dir='ltr'>gerulo,</span> <span class='ocrx_word' id='word_1_437' title='bbox 433 2151 480 2188; x_wconf 91' lang='lat' dir='ltr'>qui</span> <span class='ocrx_word' id='word_1_438' title='bbox 499 2162 582 2189; x_wconf 75' lang='lat' dir='ltr'>qnera</span> <span class='ocrx_word' id='word_1_439' title='bbox 599 2152 691 2192; x_wconf 85' lang='lat' dir='ltr'>gerit,</span> <span class='ocrx_word' id='word_1_440' title='bbox 714 2154 835 2187; x_wconf 78' lang='lat' dir='ltr'>Bajulus</span> <span class='ocrx_word' id='word_1_441' title='bbox 853 2175 862 2186; x_wconf 89' lang='lat'>,</span> 
     </span>
     <span class='ocr_line' id='line_1_69' title="bbox 80 2185 862 2223; baseline 0.012 -10"><span class='ocrx_word' id='word_1_442' title='bbox 80 2185 149 2214; x_wconf 81' lang='lat' dir='ltr'>idest</span> <span class='ocrx_word' id='word_1_443' title='bbox 161 2208 169 2219; x_wconf 94' lang='lat'><em>,</em></span> <span class='ocrx_word' id='word_1_444' title='bbox 191 2190 298 2218; x_wconf 78' lang='lat' dir='ltr'>Orator</span> <span class='ocrx_word' id='word_1_445' title='bbox 307 2189 459 2218; x_wconf 84' lang='lat' dir='ltr'>diceretur.</span> <span class='ocrx_word' id='word_1_446' title='bbox 481 2192 584 2221; x_wconf 84' lang='lat' dir='ltr'>Cicero</span> <span class='ocrx_word' id='word_1_447' title='bbox 592 2194 669 2221; x_wconf 88' lang='lat' dir='ltr'>enim</span> <span class='ocrx_word' id='word_1_448' title='bbox 691 2205 716 2222; x_wconf 84' lang='lat'>2.</span> <span class='ocrx_word' id='word_1_449' title='bbox 735 2192 770 2221; x_wconf 83' lang='lat' dir='ltr'>de</span> <span class='ocrx_word' id='word_1_450' title='bbox 779 2194 862 2223; x_wconf 84' lang='lat' dir='ltr'>Orat.</span> 
     </span>
     <span class='ocr_line' id='line_1_70' title="bbox 81 2226 863 2270; baseline 0.012 -16"><span class='ocrx_word' id='word_1_451' title='bbox 81 2226 174 2265; x_wconf 89' lang='lat' dir='ltr'>inquit</span> <span class='ocrx_word' id='word_1_452' title='bbox 185 2242 193 2256; x_wconf 91' lang='lat'>.·</span> <span class='ocrx_word' id='word_1_453' title='bbox 204 2230 353 2268; x_wconf 85' lang='lat' dir='ltr'>Remigem</span> <span class='ocrx_word' id='word_1_454' title='bbox 363 2231 480 2269; x_wconf 84' lang='lat' dir='ltr'>aliquem</span> <span class='ocrx_word' id='word_1_455' title='bbox 491 2253 498 2265; x_wconf 89' lang='lat'>,</span> <span class='ocrx_word' id='word_1_456' title='bbox 519 2243 564 2261; x_wconf 82' lang='lat' dir='ltr'>aut</span> <span class='ocrx_word' id='word_1_457' title='bbox 572 2235 693 2270; x_wconf 79' lang='lat' dir='ltr'>Bajulum</span> <span class='ocrx_word' id='word_1_458' title='bbox 702 2233 779 2262; x_wconf 81' lang='lat' dir='ltr'>nobis</span> <span class='ocrx_word' id='word_1_459' title='bbox 789 2235 863 2263; x_wconf 85' lang='lat' dir='ltr'>Ora.-</span> 
     </span>
     <span class='ocr_line' id='line_1_71' title="bbox 79 2268 861 2313; baseline 0.013 -19"><span class='ocrx_word' id='word_1_460' title='bbox 79 2276 169 2295; x_wconf 88' lang='lat' dir='ltr'>torem</span> <span class='ocrx_word' id='word_1_461' title='bbox 180 2268 356 2308; x_wconf 75' lang='lat' dir='ltr'>descripseras</span> <span class='ocrx_word' id='word_1_462' title='bbox 368 2291 374 2298; x_wconf 96' lang='lat'>.</span> <span class='ocrx_word' id='word_1_463' title='bbox 393 2273 404 2302; x_wconf 96' lang='lat'>]</span> <span class='ocrx_word' id='word_1_464' title='bbox 429 2274 563 2310; x_wconf 78' lang='lat' dir='ltr'>Tempore</span> <span class='ocrx_word' id='word_1_465' title='bbox 584 2275 667 2313; x_wconf 82' lang='lat' dir='ltr'>graeci</span> <span class='ocrx_word' id='word_1_466' title='bbox 677 2274 795 2303; x_wconf 86' lang='lat' dir='ltr'>dominii</span> <span class='ocrx_word' id='word_1_467' title='bbox 807 2276 861 2303; x_wconf 90' lang='lat' dir='ltr'>Ve-</span> 
     </span>
     <span class='ocr_line' id='line_1_72' title="bbox 75 2310 861 2354; baseline 0.01 -18"><span class='ocrx_word' id='word_1_468' title='bbox 75 2317 156 2336; x_wconf 78' lang='lat' dir='ltr'>netus</span> <span class='ocrx_word' id='word_1_469' title='bbox 167 2310 274 2338; x_wconf 74' lang='lat' dir='ltr'>Orator</span> <span class='ocrx_word' id='word_1_470' title='bbox 283 2312 406 2348; x_wconf 76' lang='lat' dir='ltr'>Mpaslur</span> <span class='ocrx_word' id='word_1_471' title='bbox 418 2312 574 2341; x_wconf 65' lang='lat' dir='ltr'>vocabatur.</span> <span class='ocrx_word' id='word_1_472' title='bbox 597 2320 610 2349; x_wconf 90' lang='lat'><strong>[</strong></span> <span class='ocrx_word' id='word_1_473' title='bbox 623 2315 796 2354; x_wconf 74' lang='lat' dir='ltr'>Magistratus</span> <span class='ocrx_word' id='word_1_474' title='bbox 815 2325 861 2344; x_wconf 86' lang='lat' dir='ltr'>ve-</span> 
     </span>
    </p>
   </div>
   <div class='ocr_carea' id='block_1_13' title="bbox 948 283 1738 501">
    <p class='ocr_par' dir='ltr' id='par_1_15' title="bbox 948 283 1738 501">
     <span class='ocr_line' id='line_1_73' title="bbox 953 283 1737 334; baseline 0.019 -23"><span class='ocrx_word' id='word_1_475' title='bbox 953 286 1018 325; x_wconf 80' lang='lat' dir='ltr'>gina</span> <span class='ocrx_word' id='word_1_476' title='bbox 1028 283 1165 323; x_wconf 75' lang='lat' dir='ltr'>fignificat</span> <span class='ocrx_word' id='word_1_477' title='bbox 1175 297 1276 316; x_wconf 76' lang='lat' dir='ltr'>vanum</span> <span class='ocrx_word' id='word_1_478' title='bbox 1288 290 1420 328; x_wconf 84' lang='lat' dir='ltr'>populum</span> <span class='ocrx_word' id='word_1_479' title='bbox 1430 313 1437 324; x_wconf 94' lang='lat'><em>,</em></span> <span class='ocrx_word' id='word_1_480' title='bbox 1460 292 1506 322; x_wconf 88' lang='lat' dir='ltr'>seu</span> <span class='ocrx_word' id='word_1_481' title='bbox 1516 295 1737 334; x_wconf 77' lang='lat' dir='ltr'>praecipitantcm</span> 
     </span>
     <span class='ocr_line' id='line_1_74' title="bbox 951 325 1736 376; baseline 0.017 -23"><span class='ocrx_word' id='word_1_482' title='bbox 951 336 1014 354; x_wconf 84' lang='lat' dir='ltr'>cos:</span> <span class='ocrx_word' id='word_1_483' title='bbox 1032 330 1050 360; x_wconf 60' lang='grc'>“[</span> <span class='ocrx_word' id='word_1_484' title='bbox 1063 325 1265 358; x_wconf 77' lang='lat' dir='ltr'>Sed&amp;11oenen</span> <span class='ocrx_word' id='word_1_485' title='bbox 1278 329 1360 369; x_wconf 81' lang='lat' dir='ltr'>ipfius</span> <span class='ocrx_word' id='word_1_486' title='bbox 1369 333 1495 367; x_wconf 80' lang='lat' dir='ltr'>Balaam,</span> <span class='ocrx_word' id='word_1_487' title='bbox 1518 336 1566 375; x_wconf 80' lang='lat' dir='ltr'>qui</span> <span class='ocrx_word' id='word_1_488' title='bbox 1585 346 1668 367; x_wconf 81' lang='lat' dir='ltr'>vanus</span> <span class='ocrx_word' id='word_1_489' title='bbox 1687 347 1736 376; x_wconf 90' lang='lat' dir='ltr'>po-</span> 
     </span>
     <span class='ocr_line' id='line_1_75' title="bbox 949 363 1738 412; baseline 0.019 -18"><span class='ocrx_word' id='word_1_490' title='bbox 949 366 1044 405; x_wconf 87' lang='lat' dir='ltr'>pulus,</span> <span class='ocrx_word' id='word_1_491' title='bbox 1065 363 1111 394; x_wconf 88' lang='lat' dir='ltr'>seu</span> <span class='ocrx_word' id='word_1_492' title='bbox 1120 369 1297 408; x_wconf 57' lang='lat' dir='ltr'>precipitans</span> <span class='ocrx_word' id='word_1_493' title='bbox 1315 381 1360 399; x_wconf 88' lang='lat' dir='ltr'>eos</span> <span class='ocrx_word' id='word_1_494' title='bbox 1377 371 1591 412; x_wconf 73' lang='lat' dir='ltr'>interpretatur,</span> <span class='ocrx_word' id='word_1_495' title='bbox 1613 388 1646 407; x_wconf 84' lang='lat' dir='ltr'>ex</span> <span class='ocrx_word' id='word_1_496' title='bbox 1666 379 1738 408; x_wconf 70' lang='lat' dir='ltr'>Beda</span> 
     </span>
     <span class='ocr_line' id='line_1_76' title="bbox 949 407 1735 450; baseline 0.019 -16"><span class='ocrx_word' id='word_1_497' title='bbox 949 407 980 434; x_wconf 89' lang='lat' dir='ltr'>in</span> <span class='ocrx_word' id='word_1_498' title='bbox 990 407 1112 435; x_wconf 85' lang='lat' dir='ltr'>Decreto</span> <span class='ocrx_word' id='word_1_499' title='bbox 1131 419 1156 437; x_wconf 89' lang='lat'>2.</span> <span class='ocrx_word' id='word_1_500' title='bbox 1169 410 1263 448; x_wconf 75' lang='lat' dir='ltr'>quaest.</span> <span class='ocrx_word' id='word_1_501' title='bbox 1286 422 1314 444; x_wconf 91' lang='lat'>7.</span> <span class='ocrx_word' id='word_1_502' title='bbox 1334 422 1393 441; x_wconf 83' lang='lat' dir='ltr'>can.</span> <span class='ocrx_word' id='word_1_503' title='bbox 1412 412 1498 444; x_wconf 70' lang='lat' dir='ltr'>secuti</span> <span class='ocrx_word' id='word_1_504' title='bbox 1517 416 1590 446; x_wconf 86' lang='lat' dir='ltr'>sunt.</span> <span class='ocrx_word' id='word_1_505' title='bbox 1610 419 1623 450; x_wconf 92' lang='grc'>]</span> <span class='ocrx_word' id='word_1_506' title='bbox 1646 422 1686 448; x_wconf 86' lang='lat' dir='ltr'>At</span> <span class='ocrx_word' id='word_1_507' title='bbox 1695 420 1735 448; x_wconf 90' lang='lat' dir='ltr'>D.</span> 
     </span>
     <span class='ocr_line' id='line_1_77' title="bbox 948 447 1734 501; baseline 0.019 -26"><span class='ocrx_word' id='word_1_508' title='bbox 948 447 1138 483; x_wconf 86' lang='lat' dir='ltr'>Hieronymus</span> <span class='ocrx_word' id='word_1_509' title='bbox 1149 450 1182 479; x_wconf 85' lang='lat' dir='ltr'>de</span> <span class='ocrx_word' id='word_1_510' title='bbox 1193 451 1348 481; x_wconf 83' lang='lat' dir='ltr'>nominibus</span> <span class='ocrx_word' id='word_1_511' title='bbox 1360 454 1446 486; x_wconf 79' lang='lat' dir='ltr'>Hebr,</span> <span class='ocrx_word' id='word_1_512' title='bbox 1456 458 1618 487; x_wconf 76' lang='lat' dir='ltr'>vetustatem</span> <span class='ocrx_word' id='word_1_513' title='bbox 1638 460 1734 501; x_wconf 79' lang='lat' dir='ltr'>populi</span> 
     </span>
    </p>
   </div>
   <div class='ocr_carea' id='block_1_14' title="bbox 100 487 1360 573">
    <p class='ocr_par' dir='ltr' id='par_1_16' title="bbox 100 487 1360 573">
     <span class='ocr_line' id='line_1_78' title="bbox 922 487 1164 526; baseline 0.021 -11"><span class='ocrx_word' id='word_1_514' title='bbox 922 499 926 503; x_wconf 83' lang='lat'><strong>·</strong></span> <span class='ocrx_word' id='word_1_515' title='bbox 946 487 1164 526; x_wconf 80' lang='lat' dir='ltr'>aitsignificare.</span> 
     </span>
     <span class='ocr_line' id='line_1_79' title="bbox 100 526 1360 573; baseline 0.002 -15"><span class='ocrx_word' id='word_1_516' title='bbox 100 530 206 563; x_wconf 81' lang='lat' dir='ltr'>mium,</span> <span class='ocrx_word' id='word_1_517' title='bbox 228 530 349 561; x_wconf 89' lang='lat' dir='ltr'>donum,</span> <span class='ocrx_word' id='word_1_518' title='bbox 373 526 562 566; x_wconf 84' lang='lat' dir='ltr'>triumphum,</span> <span class='ocrx_word' id='word_1_519' title='bbox 584 531 612 556; x_wconf 77' lang='grc' dir='ltr'>δι</span> <span class='ocrx_word' id='word_1_520' title='bbox 630 526 714 565; x_wconf 77' lang='lat' dir='ltr'>ipsam</span> <span class='ocrx_word' id='word_1_521' title='bbox 736 529 860 556; x_wconf 82' lang='lat' dir='ltr'>arborem</span> <span class='ocrx_word' id='word_1_522' title='bbox 883 530 1142 559; x_wconf 59' lang='lat' dir='ltr'>:BArnAciintuM.</span> <span class='ocrx_word' id='word_1_523' title='bbox 1164 532 1331 573; x_wconf 81' lang='lat' dir='ltr'>Conopcum</span> <span class='ocrx_word' id='word_1_524' title='bbox 1351 557 1360 569; x_wconf 89' lang='lat'><em>‚</em></span> 
     </span>
    </p>
   </div>
   <div class='ocr_carea' id='block_1_15' title="bbox 920 535 1738 2159">
    <p class='ocr_par' dir='ltr' id='par_1_17' title="bbox 920 535 1738 2159">
     <span class='ocr_line' id='line_1_80' title="bbox 1391 535 1733 581; baseline 0.015 -16"><span class='ocrx_word' id='word_1_525' title='bbox 1391 535 1436 566; x_wconf 85' lang='lat' dir='ltr'>seu</span> <span class='ocrx_word' id='word_1_526' title='bbox 1456 540 1592 575; x_wconf 87' lang='lat' dir='ltr'>umbella,</span> <span class='ocrx_word' id='word_1_527' title='bbox 1615 550 1675 581; x_wconf 78' lang='lat' dir='ltr'>quae</span> <span class='ocrx_word' id='word_1_528' title='bbox 1700 541 1733 570; x_wconf 79' lang='lat' dir='ltr'>ad</span> 
     </span>
     <span class='ocr_line' id='line_1_81' title="bbox 945 569 1734 618; baseline 0.019 -22"><span class='ocrx_word' id='word_1_529' title='bbox 945 569 1097 607; x_wconf 87' lang='lat' dir='ltr'>tegendum</span> <span class='ocrx_word' id='word_1_530' title='bbox 1125 573 1342 609; x_wconf 78' lang='lat' dir='ltr'>tabernaculum,</span> <span class='ocrx_word' id='word_1_531' title='bbox 1365 581 1393 606; x_wconf 69' lang='grc' dir='ltr'>ὃ(</span> <span class='ocrx_word' id='word_1_532' title='bbox 1418 580 1535 614; x_wconf 85' lang='lat' dir='ltr'>Altare,</span> <span class='ocrx_word' id='word_1_533' title='bbox 1558 585 1585 611; x_wconf 74' lang='grc' dir='ltr'>ὅ(</span> <span class='ocrx_word' id='word_1_534' title='bbox 1612 581 1734 618; x_wconf 76' lang='lat' dir='ltr'>ejusdem</span> 
     </span>
     <span class='ocr_line' id='line_1_82' title="bbox 944 611 1738 653; baseline 0.021 -17"><span class='ocrx_word' id='word_1_535' title='bbox 944 611 1149 641; x_wconf 82' lang='lat' dir='ltr'>Sacramentum</span> <span class='ocrx_word' id='word_1_536' title='bbox 1167 615 1300 652; x_wconf 72' lang='lat' dir='ltr'>perviam</span> <span class='ocrx_word' id='word_1_537' title='bbox 1321 627 1373 647; x_wconf 80' lang='lat' dir='ltr'>una</span> <span class='ocrx_word' id='word_1_538' title='bbox 1382 628 1443 648; x_wconf 85' lang='lat' dir='ltr'>cum</span> <span class='ocrx_word' id='word_1_539' title='bbox 1451 622 1596 651; x_wconf 86' lang='lat' dir='ltr'>Sacerdote</span> <span class='ocrx_word' id='word_1_540' title='bbox 1615 622 1687 651; x_wconf 80' lang='lat' dir='ltr'>illud</span> <span class='ocrx_word' id='word_1_541' title='bbox 1699 624 1738 653; x_wconf 79' lang='lat' dir='ltr'>fe-&#39;</span> 
     </span>
     <span class='ocr_line' id='line_1_83' title="bbox 942 651 1731 702; baseline 0.02 -25"><span class='ocrx_word' id='word_1_542' title='bbox 942 659 1040 683; x_wconf 83' lang='lat' dir='ltr'>rente,</span> <span class='ocrx_word' id='word_1_543' title='bbox 1062 651 1196 682; x_wconf 81' lang='lat' dir='ltr'>inservit.</span> <span class='ocrx_word' id='word_1_544' title='bbox 1220 657 1295 685; x_wconf 87' lang='lat' dir='ltr'>Item</span> <span class='ocrx_word' id='word_1_545' title='bbox 1320 658 1353 686; x_wconf 80' lang='lat' dir='ltr'>ad</span> <span class='ocrx_word' id='word_1_546' title='bbox 1379 659 1512 690; x_wconf 73' lang='lat' dir='ltr'>thronum</span> <span class='ocrx_word' id='word_1_547' title='bbox 1533 662 1680 702; x_wconf 84' lang='lat' dir='ltr'>Episcopi,</span> <span class='ocrx_word' id='word_1_548' title='bbox 1703 668 1731 693; x_wconf 88' lang='lat'>&amp;</span> 
     </span>
     <span class='ocr_line' id='line_1_84' title="bbox 942 690 1729 743; baseline 0.018 -24"><span class='ocrx_word' id='word_1_549' title='bbox 942 690 1081 729; x_wconf 87' lang='lat' dir='ltr'>Principis</span> <span class='ocrx_word' id='word_1_550' title='bbox 1099 693 1215 723; x_wconf 81' lang='lat' dir='ltr'>absoluti</span> <span class='ocrx_word' id='word_1_551' title='bbox 1232 697 1370 732; x_wconf 87' lang='lat' dir='ltr'>dominii,</span> <span class='ocrx_word' id='word_1_552' title='bbox 1393 701 1460 730; x_wconf 81' lang='lat' dir='ltr'>acin</span> <span class='ocrx_word' id='word_1_553' title='bbox 1469 702 1535 731; x_wconf 84' lang='lat' dir='ltr'>aulis</span> <span class='ocrx_word' id='word_1_554' title='bbox 1553 713 1729 743; x_wconf 69' lang='lat' dir='ltr'>magnatum,</span> 
     </span>
     <span class='ocr_line' id='line_1_85' title="bbox 940 731 1730 780; baseline 0.018 -20"><span class='ocrx_word' id='word_1_555' title='bbox 940 731 1010 760; x_wconf 74' lang='lat' dir='ltr'>&amp;in</span> <span class='ocrx_word' id='word_1_556' title='bbox 1027 741 1122 762; x_wconf 86' lang='lat' dir='ltr'>eorum</span> <span class='ocrx_word' id='word_1_557' title='bbox 1146 745 1196 773; x_wconf 83' lang='lat' dir='ltr'>pro</span> <span class='ocrx_word' id='word_1_558' title='bbox 1213 737 1352 767; x_wconf 75' lang='lat' dir='ltr'>audientia</span> <span class='ocrx_word' id='word_1_559' title='bbox 1371 751 1474 770; x_wconf 78' lang='lat' dir='ltr'>camera</span> <span class='ocrx_word' id='word_1_560' title='bbox 1502 745 1632 780; x_wconf 83' lang='lat' dir='ltr'>ponitur.</span> <span class='ocrx_word' id='word_1_561' title='bbox 1658 746 1730 774; x_wconf 80' lang='lat' dir='ltr'>Item</span> 
     </span>
     <span class='ocr_line' id='line_1_86' title="bbox 940 772 1731 814; baseline 0.019 -15"><span class='ocrx_word' id='word_1_562' title='bbox 940 772 1038 801; x_wconf 74' lang='lat' dir='ltr'>feretra</span> <span class='ocrx_word' id='word_1_563' title='bbox 1047 773 1184 803; x_wconf 80' lang='lat' dir='ltr'>clarorum</span> <span class='ocrx_word' id='word_1_564' title='bbox 1195 777 1320 807; x_wconf 79' lang='lat' dir='ltr'>virorum</span> <span class='ocrx_word' id='word_1_565' title='bbox 1329 781 1498 810; x_wconf 77' lang='lat' dir='ltr'>Baldachino</span> <span class='ocrx_word' id='word_1_566' title='bbox 1516 785 1731 814; x_wconf 80' lang='lat' dir='ltr'>condecoraban-</span> 
     </span>
     <span class='ocr_line' id='line_1_87' title="bbox 939 815 1729 864; baseline 0.02 -25"><span class='ocrx_word' id='word_1_567' title='bbox 939 822 999 840; x_wconf 86' lang='lat' dir='ltr'>rur:</span> <span class='ocrx_word' id='word_1_568' title='bbox 1023 815 1188 847; x_wconf 77' lang='lat' dir='ltr'>[Pei-etrum</span> <span class='ocrx_word' id='word_1_569' title='bbox 1208 827 1351 856; x_wconf 87' lang='lat' dir='ltr'>copertum</span> <span class='ocrx_word' id='word_1_570' title='bbox 1373 820 1427 850; x_wconf 84' lang='lat' dir='ltr'>suit</span> <span class='ocrx_word' id='word_1_571' title='bbox 1447 823 1632 858; x_wconf 76' lang='lat' dir='ltr'>Baldachino,</span> <span class='ocrx_word' id='word_1_572' title='bbox 1653 827 1729 864; x_wconf 88' lang='lat' dir='ltr'>quod</span> 
     </span>
     <span class='ocr_line' id='line_1_88' title="bbox 939 853 1727 896; baseline 0.02 -16"><span class='ocrx_word' id='word_1_573' title='bbox 939 853 1066 882; x_wconf 71' lang='lat' dir='ltr'>Ecclesiae</span> <span class='ocrx_word' id='word_1_574' title='bbox 1087 856 1278 896; x_wconf 85' lang='lat' dir='ltr'>reliquerunt.</span> <span class='ocrx_word' id='word_1_575' title='bbox 1301 862 1337 889; x_wconf 91' lang='lat' dir='ltr'>In</span> <span class='ocrx_word' id='word_1_576' title='bbox 1361 862 1399 890; x_wconf 88' lang='lat' dir='ltr'>M.</span> <span class='ocrx_word' id='word_1_577' title='bbox 1415 863 1445 890; x_wconf 87' lang='lat' dir='ltr'>·S.</span> <span class='ocrx_word' id='word_1_578' title='bbox 1467 865 1619 894; x_wconf 74' lang='lat' dir='ltr'>Annalibus</span> <span class='ocrx_word' id='word_1_579' title='bbox 1637 867 1727 895; x_wconf 90' lang='lat' dir='ltr'>Colo-</span> 
     </span>
     <span class='ocr_line' id='line_1_89' title="bbox 938 893 1727 936; baseline 0.02 -16"><span class='ocrx_word' id='word_1_580' title='bbox 938 893 1114 924; x_wconf 80' lang='lat' dir='ltr'>marienfibus</span> <span class='ocrx_word' id='word_1_581' title='bbox 1127 915 1134 920; x_wconf 89' lang='lat'><em>-</em></span> <span class='ocrx_word' id='word_1_582' title='bbox 1157 900 1244 927; x_wconf 87' lang='lat' dir='ltr'>Anno</span> <span class='ocrx_word' id='word_1_583' title='bbox 1257 910 1266 927; x_wconf 85' lang='lat' dir='ltr'>i</span> <span class='ocrx_word' id='word_1_584' title='bbox 1275 903 1364 933; x_wconf 82' lang='lat'>276.]</span> <span class='ocrx_word' id='word_1_585' title='bbox 1391 904 1447 932; x_wconf 76' lang='lat' dir='ltr'>PR.</span> <span class='ocrx_word' id='word_1_586' title='bbox 1458 904 1539 933; x_wconf 86' lang='lat' dir='ltr'>Idem</span> <span class='ocrx_word' id='word_1_587' title='bbox 1560 916 1618 935; x_wconf 82' lang='lat' dir='ltr'>mos</span> <span class='ocrx_word' id='word_1_588' title='bbox 1628 916 1686 935; x_wconf 73' lang='lat' dir='ltr'>erat</span> <span class='ocrx_word' id='word_1_589' title='bbox 1698 907 1727 936; x_wconf 88' lang='lat' dir='ltr'>in</span> 
     </span>
     <span class='ocr_line' id='line_1_90' title="bbox 937 933 1728 979; baseline 0.018 -16"><span class='ocrx_word' id='word_1_590' title='bbox 937 933 1107 964; x_wconf 81' lang='lat' dir='ltr'>Civitatibus</span> <span class='ocrx_word' id='word_1_591' title='bbox 1135 938 1246 968; x_wconf 76' lang='lat' dir='ltr'>Italiae:</span> <span class='ocrx_word' id='word_1_592' title='bbox 1268 940 1302 969; x_wconf 89' lang='lat' dir='ltr'>de</span> <span class='ocrx_word' id='word_1_593' title='bbox 1319 942 1438 972; x_wconf 85' lang='lat' dir='ltr'>Senensc</span> <span class='ocrx_word' id='word_1_594' title='bbox 1467 945 1562 979; x_wconf 86' lang='lat' dir='ltr'>enim,</span> <span class='ocrx_word' id='word_1_595' title='bbox 1584 951 1612 976; x_wconf 67' lang='grc' dir='ltr'>ὅ(</span> <span class='ocrx_word' id='word_1_596' title='bbox 1634 950 1728 976; x_wconf 87' lang='lat' dir='ltr'>Bono-</span> 
     </span>
     <span class='ocr_line' id='line_1_91' title="bbox 938 975 1726 1027; baseline 0.019 -25"><span class='ocrx_word' id='word_1_597' title='bbox 938 975 1034 1004; x_wconf 87' lang='lat' dir='ltr'>niense</span> <span class='ocrx_word' id='word_1_598' title='bbox 1043 977 1122 1006; x_wconf 89' lang='lat' dir='ltr'>Urbe</span> <span class='ocrx_word' id='word_1_599' title='bbox 1132 989 1222 1007; x_wconf 73' lang='lat' dir='ltr'>narrat</span> <span class='ocrx_word' id='word_1_600' title='bbox 1233 979 1407 1012; x_wconf 83' lang='lat' dir='ltr'>Cherubinus</span> <span class='ocrx_word' id='word_1_601' title='bbox 1418 983 1630 1027; x_wconf 57' lang='lat' dir='ltr'>Ghiragdaccius</span> <span class='ocrx_word' id='word_1_602' title='bbox 1640 988 1671 1016; x_wconf 92' lang='lat' dir='ltr'>in</span> <span class='ocrx_word' id='word_1_603' title='bbox 1683 987 1726 1017; x_wconf 80' lang='lat' dir='ltr'>sua</span> 
     </span>
     <span class='ocr_line' id='line_1_92' title="bbox 936 1015 1721 1063; baseline 0.018 -20"><span class='ocrx_word' id='word_1_604' title='bbox 936 1015 1009 1044; x_wconf 81' lang='lat' dir='ltr'>Hist.</span> <span class='ocrx_word' id='word_1_605' title='bbox 1021 1018 1180 1047; x_wconf 76' lang='lat' dir='ltr'>Bononien.</span> <span class='ocrx_word' id='word_1_606' title='bbox 1198 1020 1284 1049; x_wconf 72' lang='lat' dir='ltr'>adan.</span> <span class='ocrx_word' id='word_1_607' title='bbox 1310 1030 1394 1052; x_wconf 60' lang='lat'>1260.</span> <span class='ocrx_word' id='word_1_608' title='bbox 1413 1023 1456 1052; x_wconf 79' lang='lat' dir='ltr'>his</span> <span class='ocrx_word' id='word_1_609' title='bbox 1476 1027 1565 1055; x_wconf 75' lang='lat' dir='ltr'>verbis</span> <span class='ocrx_word' id='word_1_610' title='bbox 1579 1048 1586 1055; x_wconf 92' lang='lat'><strong><em>.</em></strong></span> <span class='ocrx_word' id='word_1_611' title='bbox 1612 1034 1624 1063; x_wconf 90' lang='lat'><strong>[</strong></span> <span class='ocrx_word' id='word_1_612' title='bbox 1645 1029 1721 1057; x_wconf 76' lang='lat' dir='ltr'>Mori</span> 
     </span>
     <span class='ocr_line' id='line_1_93' title="bbox 936 1056 1724 1103; baseline 0.019 -20"><span class='ocrx_word' id='word_1_613' title='bbox 936 1056 1088 1093; x_wconf 82' lang='lat' dir='ltr'>parimente</span> <span class='ocrx_word' id='word_1_614' title='bbox 1097 1059 1261 1098; x_wconf 87' lang='lat' dir='ltr'>Guglielmo</span> <span class='ocrx_word' id='word_1_615' title='bbox 1272 1063 1450 1103; x_wconf 81' lang='lat' dir='ltr'>Guidozagni</span> <span class='ocrx_word' id='word_1_616' title='bbox 1461 1065 1564 1096; x_wconf 68' lang='lat' dir='ltr'>famoso</span> <span class='ocrx_word' id='word_1_617' title='bbox 1575 1069 1724 1098; x_wconf 81' lang='lat' dir='ltr'>Cavaliero</span> 
     </span>
     <span class='ocr_line' id='line_1_94' title="bbox 936 1097 1724 1148; baseline 0.019 -25"><span class='ocrx_word' id='word_1_618' title='bbox 936 1106 1001 1124; x_wconf 64' lang='lat' dir='ltr'>ece</span> <span class='ocrx_word' id='word_1_619' title='bbox 1024 1097 1104 1126; x_wconf 86' lang='lat' dir='ltr'>fuori</span> <span class='ocrx_word' id='word_1_620' title='bbox 1121 1099 1194 1128; x_wconf 79' lang='lat' dir='ltr'>della</span> <span class='ocrx_word' id='word_1_621' title='bbox 1203 1100 1286 1131; x_wconf 60' lang='lat' dir='ltr'>Citth</span> <span class='ocrx_word' id='word_1_622' title='bbox 1306 1105 1378 1133; x_wconf 79' lang='lat' dir='ltr'>nella</span> <span class='ocrx_word' id='word_1_623' title='bbox 1398 1105 1501 1135; x_wconf 73' lang='lat' dir='ltr'>Chiesa</span> <span class='ocrx_word' id='word_1_624' title='bbox 1519 1118 1559 1136; x_wconf 86' lang='lat' dir='ltr'>ec.</span> <span class='ocrx_word' id='word_1_625' title='bbox 1580 1119 1634 1137; x_wconf 91' lang='lat' dir='ltr'>con</span> <span class='ocrx_word' id='word_1_626' title='bbox 1653 1119 1724 1148; x_wconf 81' lang='lat' dir='ltr'>gran</span> 
     </span>
     <span class='ocr_line' id='line_1_95' title="bbox 934 1136 1722 1187; baseline 0.022 -25"><span class='ocrx_word' id='word_1_627' title='bbox 934 1146 1033 1175; x_wconf 83' lang='lat' dir='ltr'>pompa</span> <span class='ocrx_word' id='word_1_628' title='bbox 1054 1136 1193 1174; x_wconf 76' lang='lat' dir='ltr'>stineraIe,</span> <span class='ocrx_word' id='word_1_629' title='bbox 1217 1151 1232 1169; x_wconf 87' lang='lat' dir='ltr'>e</span> <span class='ocrx_word' id='word_1_630' title='bbox 1251 1144 1293 1171; x_wconf 91' lang='lat' dir='ltr'>col</span> <span class='ocrx_word' id='word_1_631' title='bbox 1305 1144 1475 1174; x_wconf 81' lang='lat' dir='ltr'>Baldachino</span> <span class='ocrx_word' id='word_1_632' title='bbox 1496 1147 1523 1175; x_wconf 87' lang='lat' dir='ltr'>fu</span> <span class='ocrx_word' id='word_1_633' title='bbox 1533 1147 1656 1187; x_wconf 70' lang='lat' dir='ltr'>seposto,</span> <span class='ocrx_word' id='word_1_634' title='bbox 1683 1150 1722 1179; x_wconf 83' lang='lat' dir='ltr'>se-</span> 
     </span>
     <span class='ocr_line' id='line_1_96' title="bbox 934 1177 1720 1223; baseline 0.02 -20"><span class='ocrx_word' id='word_1_635' title='bbox 934 1178 1026 1205; x_wconf 88' lang='lat' dir='ltr'>condo</span> <span class='ocrx_word' id='word_1_636' title='bbox 1047 1177 1098 1207; x_wconf 87' lang='lat' dir='ltr'>che</span> <span class='ocrx_word' id='word_1_637' title='bbox 1115 1189 1160 1208; x_wconf 76' lang='lat' dir='ltr'>era</span> <span class='ocrx_word' id='word_1_638' title='bbox 1179 1180 1207 1209; x_wconf 92' lang='lat' dir='ltr'>in</span> <span class='ocrx_word' id='word_1_639' title='bbox 1227 1183 1292 1220; x_wconf 87' lang='lat' dir='ltr'>quei</span> <span class='ocrx_word' id='word_1_640' title='bbox 1310 1185 1526 1223; x_wconf 84' lang='lat' dir='ltr'>tempicostume</span> <span class='ocrx_word' id='word_1_641' title='bbox 1537 1187 1595 1218; x_wconf 77' lang='lat' dir='ltr'>farsi</span> <span class='ocrx_word' id='word_1_642' title='bbox 1615 1190 1720 1219; x_wconf 78' lang='lat' dir='ltr'>afirmli</span> 
     </span>
     <span class='ocr_line' id='line_1_97' title="bbox 935 1218 1722 1266; baseline 0.019 -22"><span class='ocrx_word' id='word_1_643' title='bbox 935 1218 1041 1246; x_wconf 82' lang='lat' dir='ltr'>uomini</span> <span class='ocrx_word' id='word_1_644' title='bbox 1051 1219 1175 1248; x_wconf 81' lang='lat' dir='ltr'>letterati</span> <span class='ocrx_word' id='word_1_645' title='bbox 1187 1243 1195 1254; x_wconf 91' lang='lat'>‚</span> <span class='ocrx_word' id='word_1_646' title='bbox 1205 1233 1221 1251; x_wconf 90' lang='lat' dir='ltr'>e</span> <span class='ocrx_word' id='word_1_647' title='bbox 1231 1222 1323 1253; x_wconf 78' lang='lat' dir='ltr'>famosi</span> <span class='ocrx_word' id='word_1_648' title='bbox 1334 1246 1342 1254; x_wconf 90' lang='lat'><strong><em>.</em></strong></span> <span class='ocrx_word' id='word_1_649' title='bbox 1362 1227 1395 1254; x_wconf 90' lang='lat' dir='ltr'>In</span> <span class='ocrx_word' id='word_1_650' title='bbox 1408 1226 1460 1255; x_wconf 87' lang='lat' dir='ltr'>due</span> <span class='ocrx_word' id='word_1_651' title='bbox 1470 1228 1545 1257; x_wconf 83' lang='lat' dir='ltr'>modi</span> <span class='ocrx_word' id='word_1_652' title='bbox 1559 1252 1566 1263; x_wconf 91' lang='lat'><em>‚</em></span> <span class='ocrx_word' id='word_1_653' title='bbox 1577 1230 1611 1258; x_wconf 92' lang='lat' dir='ltr'>ed</span> <span class='ocrx_word' id='word_1_654' title='bbox 1623 1231 1653 1258; x_wconf 86' lang='lat' dir='ltr'>in</span> <span class='ocrx_word' id='word_1_655' title='bbox 1663 1241 1722 1266; x_wconf 76' lang='lat' dir='ltr'>vai-1</span> 
     </span>
     <span class='ocr_line' id='line_1_98' title="bbox 932 1258 1719 1301; baseline 0.022 -17"><span class='ocrx_word' id='word_1_656' title='bbox 932 1258 1019 1296; x_wconf 87' lang='lat' dir='ltr'>tempi</span> <span class='ocrx_word' id='word_1_657' title='bbox 1041 1260 1061 1287; x_wconf 87' lang='lat' dir='ltr'>s’</span> <span class='ocrx_word' id='word_1_658' title='bbox 1073 1258 1360 1294; x_wconf 75' lang='lat' dir='ltr'>usavailBaldachino</span> <span class='ocrx_word' id='word_1_659' title='bbox 1371 1266 1489 1296; x_wconf 68' lang='lat' dir='ltr'>:timot-ti</span> <span class='ocrx_word' id='word_1_660' title='bbox 1501 1289 1508 1297; x_wconf 88' lang='lat'><strong>.</strong></span> <span class='ocrx_word' id='word_1_661' title='bbox 1528 1270 1594 1299; x_wconf 88' lang='lat' dir='ltr'>Alle</span> <span class='ocrx_word' id='word_1_662' title='bbox 1612 1272 1689 1300; x_wconf 86' lang='lat' dir='ltr'>volte</span> <span class='ocrx_word' id='word_1_663' title='bbox 1701 1274 1719 1301; x_wconf 76' lang='lat' dir='ltr'>ii</span> 
     </span>
     <span class='ocr_line' id='line_1_99' title="bbox 932 1300 1721 1350; baseline 0.02 -25"><span class='ocrx_word' id='word_1_664' title='bbox 932 1308 1046 1336; x_wconf 77' lang='lat' dir='ltr'>poi-rava</span> <span class='ocrx_word' id='word_1_665' title='bbox 1055 1300 1075 1328; x_wconf 92' lang='lat' dir='ltr'>il</span> <span class='ocrx_word' id='word_1_666' title='bbox 1086 1311 1172 1339; x_wconf 86' lang='lat' dir='ltr'>corpo</span> <span class='ocrx_word' id='word_1_667' title='bbox 1181 1304 1227 1332; x_wconf 82' lang='lat' dir='ltr'>all’</span> <span class='ocrx_word' id='word_1_668' title='bbox 1237 1303 1310 1333; x_wconf 86' lang='lat' dir='ltr'>uscir</span> <span class='ocrx_word' id='word_1_669' title='bbox 1320 1306 1349 1334; x_wconf 88' lang='lat' dir='ltr'>di</span> <span class='ocrx_word' id='word_1_670' title='bbox 1358 1307 1415 1335; x_wconf 83' lang='lat' dir='ltr'>casa</span> <span class='ocrx_word' id='word_1_671' title='bbox 1424 1309 1519 1337; x_wconf 86' lang='lat' dir='ltr'>vicino</span> <span class='ocrx_word' id='word_1_672' title='bbox 1530 1310 1580 1338; x_wconf 79' lang='lat' dir='ltr'>alla</span> <span class='ocrx_word' id='word_1_673' title='bbox 1599 1310 1721 1350; x_wconf 86' lang='lat' dir='ltr'>sepoltu·</span> 
     </span>
     <span class='ocr_line' id='line_1_100' title="bbox 933 1341 1721 1385; baseline 0.02 -19"><span class='ocrx_word' id='word_1_674' title='bbox 933 1349 977 1367; x_wconf 76' lang='lat' dir='ltr'>ra.</span> <span class='ocrx_word' id='word_1_675' title='bbox 999 1341 1082 1369; x_wconf 86' lang='lat' dir='ltr'>Altre</span> <span class='ocrx_word' id='word_1_676' title='bbox 1091 1343 1168 1370; x_wconf 84' lang='lat' dir='ltr'>volte</span> <span class='ocrx_word' id='word_1_677' title='bbox 1189 1344 1210 1371; x_wconf 82' lang='lat' dir='ltr'>s&#39;</span> <span class='ocrx_word' id='word_1_678' title='bbox 1221 1343 1270 1373; x_wconf 74' lang='lat' dir='ltr'>uso</span> <span class='ocrx_word' id='word_1_679' title='bbox 1282 1345 1311 1374; x_wconf 88' lang='lat' dir='ltr'>in</span> <span class='ocrx_word' id='word_1_680' title='bbox 1324 1347 1418 1385; x_wconf 86' lang='lat' dir='ltr'>questo</span> <span class='ocrx_word' id='word_1_681' title='bbox 1434 1349 1537 1379; x_wconf 86' lang='lat' dir='ltr'>modo.</span> <span class='ocrx_word' id='word_1_682' title='bbox 1558 1353 1721 1382; x_wconf 77' lang='lat' dir='ltr'>Ponevafiil</span> 
     </span>
     <span class='ocr_line' id='line_1_101' title="bbox 932 1380 1718 1426; baseline 0.019 -19"><span class='ocrx_word' id='word_1_683' title='bbox 932 1391 1018 1418; x_wconf 87' lang='lat' dir='ltr'>corpo</span> <span class='ocrx_word' id='word_1_684' title='bbox 1029 1380 1059 1409; x_wconf 86' lang='lat' dir='ltr'>in</span> <span class='ocrx_word' id='word_1_685' title='bbox 1070 1391 1170 1412; x_wconf 86' lang='lat' dir='ltr'>mezzo</span> <span class='ocrx_word' id='word_1_686' title='bbox 1179 1384 1254 1413; x_wconf 84' lang='lat' dir='ltr'>della</span> <span class='ocrx_word' id='word_1_687' title='bbox 1267 1386 1352 1415; x_wconf 80' lang='lat' dir='ltr'>strada</span> <span class='ocrx_word' id='word_1_688' title='bbox 1362 1387 1446 1426; x_wconf 85' lang='lat' dir='ltr'>sopro</span> <span class='ocrx_word' id='word_1_689' title='bbox 1455 1391 1502 1419; x_wconf 87' lang='lat' dir='ltr'>un&#39;</span> <span class='ocrx_word' id='word_1_690' title='bbox 1511 1392 1718 1422; x_wconf 65' lang='lat' dir='ltr'>alto-c‘arafalco</span> 
     </span>
     <span class='ocr_line' id='line_1_102' title="bbox 931 1422 1717 1471; baseline 0.02 -24"><span class='ocrx_word' id='word_1_691' title='bbox 931 1429 1005 1449; x_wconf 85' lang='lat' dir='ltr'>tutto</span> <span class='ocrx_word' id='word_1_692' title='bbox 1024 1422 1053 1449; x_wconf 91' lang='lat' dir='ltr'>di</span> <span class='ocrx_word' id='word_1_693' title='bbox 1071 1433 1138 1452; x_wconf 91' lang='lat' dir='ltr'>nero</span> <span class='ocrx_word' id='word_1_694' title='bbox 1156 1425 1309 1455; x_wconf 81' lang='lat' dir='ltr'>addobbato</span> <span class='ocrx_word' id='word_1_695' title='bbox 1320 1449 1328 1461; x_wconf 86' lang='lat'><em>,</em></span> <span class='ocrx_word' id='word_1_696' title='bbox 1352 1428 1456 1468; x_wconf 76' lang='lat' dir='ltr'>esopra</span> <span class='ocrx_word' id='word_1_697' title='bbox 1467 1431 1485 1459; x_wconf 91' lang='lat' dir='ltr'>il</span> <span class='ocrx_word' id='word_1_698' title='bbox 1504 1442 1570 1470; x_wconf 82' lang='lat' dir='ltr'>capo</span> <span class='ocrx_word' id='word_1_699' title='bbox 1582 1433 1600 1469; x_wconf 69' lang='lat' dir='ltr'>si</span> <span class='ocrx_word' id='word_1_700' title='bbox 1611 1443 1717 1471; x_wconf 78' lang='lat' dir='ltr'>poneva</span> 
     </span>
     <span class='ocr_line' id='line_1_103' title="bbox 931 1462 1717 1512; baseline 0.019 -24"><span class='ocrx_word' id='word_1_701' title='bbox 931 1470 967 1489; x_wconf 86' lang='lat' dir='ltr'>un</span> <span class='ocrx_word' id='word_1_702' title='bbox 980 1462 1174 1497; x_wconf 79' lang='lat' dir='ltr'>Baldachino]</span> <span class='ocrx_word' id='word_1_703' title='bbox 1199 1467 1252 1500; x_wconf 87' lang='grc' dir='ltr'><strong>.·Η.·</strong></span> <span class='ocrx_word' id='word_1_704' title='bbox 1276 1469 1390 1498; x_wconf 87' lang='lat' dir='ltr'>Nomen</span> <span class='ocrx_word' id='word_1_705' title='bbox 1408 1470 1461 1498; x_wconf 81' lang='lat' dir='ltr'>hoc</span> <span class='ocrx_word' id='word_1_706' title='bbox 1481 1471 1659 1512; x_wconf 72' lang='lat' dir='ltr'>originaliter</span> <span class='ocrx_word' id='word_1_707' title='bbox 1677 1474 1717 1503; x_wconf 86' lang='lat' dir='ltr'>se-</span> 
     </span>
     <span class='ocr_line' id='line_1_104' title="bbox 929 1502 1716 1546; baseline 0.019 -18"><span class='ocrx_word' id='word_1_708' title='bbox 929 1502 1016 1530; x_wconf 87' lang='lat' dir='ltr'>ricum</span> <span class='ocrx_word' id='word_1_709' title='bbox 1044 1505 1145 1533; x_wconf 75' lang='lat' dir='ltr'>textile</span> <span class='ocrx_word' id='word_1_710' title='bbox 1172 1506 1320 1546; x_wconf 79' lang='lat' dir='ltr'>fignificat,</span> <span class='ocrx_word' id='word_1_711' title='bbox 1352 1514 1379 1539; x_wconf 70' lang='grc' dir='ltr'>δε</span> <span class='ocrx_word' id='word_1_712' title='bbox 1405 1512 1480 1540; x_wconf 73' lang='lat' dir='ltr'>varie</span> <span class='ocrx_word' id='word_1_713' title='bbox 1506 1513 1536 1540; x_wconf 89' lang='lat' dir='ltr'>in</span> <span class='ocrx_word' id='word_1_714' title='bbox 1565 1515 1716 1543; x_wconf 77' lang='lat' dir='ltr'>Codicibus·</span> 
     </span>
     <span class='ocr_line' id='line_1_105' title="bbox 929 1543 1716 1592; baseline 0.019 -23"><span class='ocrx_word' id='word_1_715' title='bbox 929 1543 1138 1573; x_wconf 67' lang='lat' dir='ltr'>Baldache‘num</span> <span class='ocrx_word' id='word_1_716' title='bbox 1155 1568 1164 1580; x_wconf 94' lang='lat'><em>‚</em></span> <span class='ocrx_word' id='word_1_717' title='bbox 1195 1549 1401 1583; x_wconf 73' lang='lat' dir='ltr'>Baldekinum,</span> <span class='ocrx_word' id='word_1_718' title='bbox 1435 1554 1664 1592; x_wconf 70' lang='lat' dir='ltr'>Baidequs&#39;num,</span> <span class='ocrx_word' id='word_1_719' title='bbox 1687 1560 1716 1585; x_wconf 75' lang='grc' dir='ltr'>δ(</span> 
     </span>
     <span class='ocr_line' id='line_1_106' title="bbox 927 1584 1715 1625; baseline 0.019 -15"><span class='ocrx_word' id='word_1_720' title='bbox 927 1584 1080 1613; x_wconf 83' lang='lat' dir='ltr'>Baldicum</span> <span class='ocrx_word' id='word_1_721' title='bbox 1094 1585 1238 1616; x_wconf 86' lang='lat' dir='ltr'>scribitur.</span> <span class='ocrx_word' id='word_1_722' title='bbox 1263 1592 1347 1625; x_wconf 87' lang='lat' dir='ltr'>[Rex</span> <span class='ocrx_word' id='word_1_723' title='bbox 1369 1591 1444 1620; x_wconf 77' lang='lat' dir='ltr'>veste</span> <span class='ocrx_word' id='word_1_724' title='bbox 1458 1592 1581 1622; x_wconf 72' lang='lat' dir='ltr'>deaurata</span> <span class='ocrx_word' id='word_1_725' title='bbox 1603 1594 1669 1623; x_wconf 64' lang='lat' dir='ltr'>faRa</span> <span class='ocrx_word' id='word_1_726' title='bbox 1680 1596 1715 1625; x_wconf 88' lang='lat' dir='ltr'>de</span> 
     </span>
     <span class='ocr_line' id='line_1_107' title="bbox 928 1624 1711 1668; baseline 0.017 -17"><span class='ocrx_word' id='word_1_727' title='bbox 928 1624 1122 1660; x_wconf 81' lang='lat' dir='ltr'>pretiofiffimo</span> <span class='ocrx_word' id='word_1_728' title='bbox 1133 1628 1298 1658; x_wconf 74' lang='lat' dir='ltr'>Baldakino.</span> <span class='ocrx_word' id='word_1_729' title='bbox 1310 1630 1493 1660; x_wconf 58' lang='lat' dir='ltr'>Matthffiaris.</span> <span class='ocrx_word' id='word_1_730' title='bbox 1505 1633 1535 1661; x_wconf 89' lang='lat' dir='ltr'>in</span> <span class='ocrx_word' id='word_1_731' title='bbox 1546 1635 1711 1668; x_wconf 86' lang='lat' dir='ltr'>Henr.HI.]</span> 
     </span>
     <span class='ocr_line' id='line_1_108' title="bbox 928 1665 1714 1714; baseline 0.017 -22"><span class='ocrx_word' id='word_1_732' title='bbox 928 1665 1018 1693; x_wconf 81' lang='lat' dir='ltr'>Vestis</span> <span class='ocrx_word' id='word_1_733' title='bbox 1027 1677 1094 1705; x_wconf 88' lang='lat' dir='ltr'>ergo</span> <span class='ocrx_word' id='word_1_734' title='bbox 1104 1688 1111 1699; x_wconf 85' lang='lat'><em>,</em></span> <span class='ocrx_word' id='word_1_735' title='bbox 1133 1671 1161 1696; x_wconf 67' lang='lat' dir='ltr'>«Sc</span> <span class='ocrx_word' id='word_1_736' title='bbox 1171 1679 1229 1697; x_wconf 90' lang='lat' dir='ltr'>non</span> <span class='ocrx_word' id='word_1_737' title='bbox 1239 1679 1429 1709; x_wconf 85' lang='lat' dir='ltr'>tegumentum</span> <span class='ocrx_word' id='word_1_738' title='bbox 1440 1673 1469 1701; x_wconf 89' lang='lat' dir='ltr'>in</span> <span class='ocrx_word' id='word_1_739' title='bbox 1487 1673 1621 1712; x_wconf 70' lang='lat' dir='ltr'>primaevo</span> <span class='ocrx_word' id='word_1_740' title='bbox 1630 1675 1714 1714; x_wconf 83' lang='lat' dir='ltr'>figni-</span> 
     </span>
     <span class='ocr_line' id='line_1_109' title="bbox 927 1705 1713 1754; baseline 0.015 -21"><span class='ocrx_word' id='word_1_741' title='bbox 927 1705 1093 1741; x_wconf 69' lang='lat' dir='ltr'>ficaruerar,</span> <span class='ocrx_word' id='word_1_742' title='bbox 1117 1708 1150 1736; x_wconf 87' lang='lat' dir='ltr'>de</span> <span class='ocrx_word' id='word_1_743' title='bbox 1160 1719 1215 1747; x_wconf 83' lang='lat' dir='ltr'>quo</span> <span class='ocrx_word' id='word_1_744' title='bbox 1223 1709 1317 1748; x_wconf 84' lang='lat' dir='ltr'>supra.</span> <span class='ocrx_word' id='word_1_745' title='bbox 1339 1712 1499 1747; x_wconf 83' lang='lat' dir='ltr'>[Baldicum</span> <span class='ocrx_word' id='word_1_746' title='bbox 1518 1715 1633 1743; x_wconf 64' lang='lat' dir='ltr'>aulaeum</span> <span class='ocrx_word' id='word_1_747' title='bbox 1653 1727 1713 1754; x_wconf 80' lang='lat' dir='ltr'>pre-</span> 
     </span>
     <span class='ocr_line' id='line_1_110' title="bbox 926 1745 1711 1788; baseline 0.014 -14"><span class='ocrx_word' id='word_1_748' title='bbox 926 1745 1026 1775; x_wconf 82' lang='lat' dir='ltr'>tiosum</span> <span class='ocrx_word' id='word_1_749' title='bbox 1046 1748 1171 1787; x_wconf 77' lang='lat' dir='ltr'>paganici</span> <span class='ocrx_word' id='word_1_750' title='bbox 1192 1751 1298 1788; x_wconf 85' lang='lat' dir='ltr'>operis.</span> <span class='ocrx_word' id='word_1_751' title='bbox 1322 1755 1401 1781; x_wconf 90' lang='lat' dir='ltr'>Tom.</span> <span class='ocrx_word' id='word_1_752' title='bbox 1426 1765 1448 1781; x_wconf 89' lang='lat'>1.</span> <span class='ocrx_word' id='word_1_753' title='bbox 1461 1752 1524 1783; x_wconf 77' lang='lat' dir='ltr'>hist.</span> <span class='ocrx_word' id='word_1_754' title='bbox 1537 1757 1711 1786; x_wconf 75' lang='lat' dir='ltr'>Germanica-</span> 
     </span>
     <span class='ocr_line' id='line_1_111' title="bbox 924 1791 1710 1831; baseline 0.013 -15"><span class='ocrx_word' id='word_1_755' title='bbox 924 1798 1002 1816; x_wconf 87' lang='lat' dir='ltr'>rum.</span> <span class='ocrx_word' id='word_1_756' title='bbox 1027 1791 1039 1820; x_wconf 92' lang='lat'>]</span> <span class='ocrx_word' id='word_1_757' title='bbox 1066 1791 1122 1819; x_wconf 72' lang='lat' dir='ltr'>PR.</span> <span class='ocrx_word' id='word_1_758' title='bbox 1133 1791 1210 1819; x_wconf 88' lang='lat' dir='ltr'>Dum</span> <span class='ocrx_word' id='word_1_759' title='bbox 1219 1801 1286 1830; x_wconf 87' lang='lat' dir='ltr'>ergo</span> <span class='ocrx_word' id='word_1_760' title='bbox 1304 1793 1486 1831; x_wconf 78' lang='lat' dir='ltr'>paganicum,</span> <span class='ocrx_word' id='word_1_761' title='bbox 1509 1794 1627 1825; x_wconf 89' lang='lat' dir='ltr'>sericum</span> <span class='ocrx_word' id='word_1_762' title='bbox 1648 1807 1710 1826; x_wconf 87' lang='lat' dir='ltr'>tex-</span> 
     </span>
     <span class='ocr_line' id='line_1_112' title="bbox 925 1828 1709 1872; baseline 0.013 -16"><span class='ocrx_word' id='word_1_763' title='bbox 925 1828 975 1857; x_wconf 81' lang='lat' dir='ltr'>tile</span> <span class='ocrx_word' id='word_1_764' title='bbox 985 1838 1040 1857; x_wconf 86' lang='lat' dir='ltr'>erat</span> <span class='ocrx_word' id='word_1_765' title='bbox 1050 1851 1057 1862; x_wconf 83' lang='lat'>‚</span> <span class='ocrx_word' id='word_1_766' title='bbox 1081 1830 1229 1860; x_wconf 86' lang='lat' dir='ltr'>dicendum</span> <span class='ocrx_word' id='word_1_767' title='bbox 1239 1854 1247 1864; x_wconf 91' lang='lat'>‚</span> <span class='ocrx_word' id='word_1_768' title='bbox 1271 1834 1346 1872; x_wconf 86' lang='lat' dir='ltr'>quod</span> <span class='ocrx_word' id='word_1_769' title='bbox 1357 1833 1462 1863; x_wconf 79' lang='lat' dir='ltr'>fortasse</span> <span class='ocrx_word' id='word_1_770' title='bbox 1472 1836 1536 1864; x_wconf 77' lang='lat' dir='ltr'>ficut</span> <span class='ocrx_word' id='word_1_771' title='bbox 1550 1835 1709 1872; x_wconf 72' lang='lat' dir='ltr'>hujusmodi</span> 
     </span>
     <span class='ocr_line' id='line_1_113' title="bbox 924 1869 1709 1910; baseline 0.011 -13"><span class='ocrx_word' id='word_1_772' title='bbox 924 1869 1025 1898; x_wconf 77' lang='lat' dir='ltr'>textile</span> <span class='ocrx_word' id='word_1_773' title='bbox 1043 1880 1077 1898; x_wconf 78' lang='lat' dir='ltr'>ex</span> <span class='ocrx_word' id='word_1_774' title='bbox 1098 1870 1187 1900; x_wconf 88' lang='lat' dir='ltr'>serico</span> <span class='ocrx_word' id='word_1_775' title='bbox 1206 1874 1383 1910; x_wconf 81' lang='lat' dir='ltr'>Damascum</span> <span class='ocrx_word' id='word_1_776' title='bbox 1404 1885 1419 1902; x_wconf 79' lang='lat' dir='ltr'>a.</span> <span class='ocrx_word' id='word_1_777' title='bbox 1436 1875 1562 1904; x_wconf 68' lang='lat' dir='ltr'>Damasci</span> <span class='ocrx_word' id='word_1_778' title='bbox 1581 1878 1709 1907; x_wconf 70' lang='lat' dir='ltr'>Civitate</span> 
     </span>
     <span class='ocr_line' id='line_1_114' title="bbox 923 1911 1710 1957; baseline 0.013 -19"><span class='ocrx_word' id='word_1_779' title='bbox 923 1911 1009 1950; x_wconf 86' lang='lat' dir='ltr'>vulgo</span> <span class='ocrx_word' id='word_1_780' title='bbox 1037 1921 1169 1945; x_wconf 65' lang='lat' dir='ltr'>vocatur,</span> <span class='ocrx_word' id='word_1_781' title='bbox 1191 1913 1225 1941; x_wconf 86' lang='lat' dir='ltr'>fic</span> <span class='ocrx_word' id='word_1_782' title='bbox 1247 1914 1456 1953; x_wconf 73' lang='lat' dir='ltr'>Baldaquinum</span> <span class='ocrx_word' id='word_1_783' title='bbox 1467 1937 1476 1949; x_wconf 90' lang='lat'><em>,</em></span> <span class='ocrx_word' id='word_1_784' title='bbox 1498 1927 1512 1944; x_wconf 76' lang='lat' dir='ltr'>a</span> <span class='ocrx_word' id='word_1_785' title='bbox 1540 1918 1710 1957; x_wconf 77' lang='lat' dir='ltr'>Baldaquino</span> 
     </span>
     <span class='ocr_line' id='line_1_115' title="bbox 922 1950 1707 1991; baseline 0.013 -13"><span class='ocrx_word' id='word_1_786' title='bbox 922 1950 1046 1979; x_wconf 82' lang='lat' dir='ltr'>Damasci</span> <span class='ocrx_word' id='word_1_787' title='bbox 1059 1954 1187 1991; x_wconf 84' lang='lat' dir='ltr'>ReguIO,</span> <span class='ocrx_word' id='word_1_788' title='bbox 1211 1963 1291 1991; x_wconf 89' lang='lat' dir='ltr'>quem</span> <span class='ocrx_word' id='word_1_789' title='bbox 1311 1955 1456 1983; x_wconf 85' lang='lat' dir='ltr'>Balduinus</span> <span class='ocrx_word' id='word_1_790' title='bbox 1479 1955 1640 1988; x_wconf 74' lang='lat' dir='ltr'>Gothil‘redi</span> <span class='ocrx_word' id='word_1_791' title='bbox 1654 1961 1707 1988; x_wconf 89' lang='lat' dir='ltr'>Bu—</span> 
     </span>
     <span class='ocr_line' id='line_1_116' title="bbox 922 1991 1705 2033; baseline 0.01 -13"><span class='ocrx_word' id='word_1_792' title='bbox 922 1992 1006 2020; x_wconf 84' lang='lat' dir='ltr'>lionis</span> <span class='ocrx_word' id='word_1_793' title='bbox 1018 1991 1098 2021; x_wconf 61' lang='lat' dir='ltr'>frater</span> <span class='ocrx_word' id='word_1_794' title='bbox 1108 2015 1115 2025; x_wconf 94' lang='lat'>,</span> <span class='ocrx_word' id='word_1_795' title='bbox 1138 1993 1206 2022; x_wconf 85' lang='lat' dir='ltr'>&amp;in</span> <span class='ocrx_word' id='word_1_796' title='bbox 1216 1997 1316 2033; x_wconf 88' lang='lat' dir='ltr'>Regno</span> <span class='ocrx_word' id='word_1_797' title='bbox 1330 1995 1592 2032; x_wconf 78' lang='lat' dir='ltr'>Hierosolymorum</span> <span class='ocrx_word' id='word_1_798' title='bbox 1601 1998 1705 2028; x_wconf 85' lang='lat' dir='ltr'>succes-</span> 
     </span>
     <span class='ocr_line' id='line_1_117' title="bbox 920 2032 1704 2078; baseline 0.011 -18"><span class='ocrx_word' id='word_1_799' title='bbox 920 2032 964 2060; x_wconf 86' lang='lat' dir='ltr'>sor</span> <span class='ocrx_word' id='word_1_800' title='bbox 977 2032 1081 2062; x_wconf 67' lang='lat' dir='ltr'>vicerat</span> <span class='ocrx_word' id='word_1_801' title='bbox 1093 2056 1100 2067; x_wconf 90' lang='lat'><em>,</em></span> <span class='ocrx_word' id='word_1_802' title='bbox 1112 2043 1142 2061; x_wconf 87' lang='lat' dir='ltr'>ut</span> <span class='ocrx_word' id='word_1_803' title='bbox 1154 2035 1274 2063; x_wconf 86' lang='lat' dir='ltr'>Blondus</span> <span class='ocrx_word' id='word_1_804' title='bbox 1284 2035 1374 2064; x_wconf 81' lang='lat' dir='ltr'>dacad.</span> <span class='ocrx_word' id='word_1_805' title='bbox 1388 2048 1413 2064; x_wconf 66' lang='grc' dir='ltr'>ι.</span> <span class='ocrx_word' id='word_1_806' title='bbox 1424 2037 1472 2065; x_wconf 82' lang='lat' dir='ltr'>lib.</span> <span class='ocrx_word' id='word_1_807' title='bbox 1486 2047 1510 2073; x_wconf 71' lang='grc' dir='ltr'>ς,</span> <span class='ocrx_word' id='word_1_808' title='bbox 1521 2039 1554 2067; x_wconf 84' lang='lat' dir='ltr'>ad</span> <span class='ocrx_word' id='word_1_809' title='bbox 1563 2049 1605 2067; x_wconf 73' lang='lat' dir='ltr'>an.</span> <span class='ocrx_word' id='word_1_810' title='bbox 1621 2051 1629 2068; x_wconf 84' lang='lat'>1</span> <span class='ocrx_word' id='word_1_811' title='bbox 1641 2050 1704 2078; x_wconf 87' lang='lat'>¹30·</span> 
     </span>
     <span class='ocr_line' id='line_1_118' title="bbox 921 2073 1705 2117; baseline 0.013 -17"><span class='ocrx_word' id='word_1_812' title='bbox 921 2073 1020 2102; x_wconf 86' lang='lat' dir='ltr'>refert:</span> <span class='ocrx_word' id='word_1_813' title='bbox 1044 2085 1077 2103; x_wconf 84' lang='lat' dir='ltr'>ex</span> <span class='ocrx_word' id='word_1_814' title='bbox 1088 2073 1178 2103; x_wconf 80' lang='lat' dir='ltr'>sericis</span> <span class='ocrx_word' id='word_1_815' title='bbox 1190 2085 1255 2113; x_wconf 85' lang='lat' dir='ltr'>ergo</span> <span class='ocrx_word' id='word_1_816' title='bbox 1266 2084 1338 2103; x_wconf 81' lang='lat' dir='ltr'>inter</span> <span class='ocrx_word' id='word_1_817' title='bbox 1350 2078 1407 2111; x_wconf 86' lang='lat' dir='ltr'>ejus</span> <span class='ocrx_word' id='word_1_818' title='bbox 1423 2076 1511 2116; x_wconf 81' lang='lat' dir='ltr'>spolia</span> <span class='ocrx_word' id='word_1_819' title='bbox 1521 2080 1636 2117; x_wconf 80' lang='lat' dir='ltr'>repertis</span> <span class='ocrx_word' id='word_1_820' title='bbox 1653 2091 1705 2110; x_wconf 84' lang='lat' dir='ltr'>no-</span> 
     </span>
     <span class='ocr_line' id='line_1_119' title="bbox 920 2114 1704 2159; baseline 0.01 -17"><span class='ocrx_word' id='word_1_821' title='bbox 920 2124 983 2143; x_wconf 87' lang='lat' dir='ltr'>men</span> <span class='ocrx_word' id='word_1_822' title='bbox 993 2114 1045 2142; x_wconf 88' lang='lat' dir='ltr'>hoc</span> <span class='ocrx_word' id='word_1_823' title='bbox 1056 2114 1175 2143; x_wconf 88' lang='lat' dir='ltr'>inditum</span> <span class='ocrx_word' id='word_1_824' title='bbox 1196 2114 1270 2143; x_wconf 75' lang='lat' dir='ltr'>suissi:</span> <span class='ocrx_word' id='word_1_825' title='bbox 1291 2115 1457 2146; x_wconf 86' lang='lat' dir='ltr'>censendum</span> <span class='ocrx_word' id='word_1_826' title='bbox 1467 2118 1524 2152; x_wconf 87' lang='lat' dir='ltr'>est,</span> <span class='ocrx_word' id='word_1_827' title='bbox 1546 2119 1591 2149; x_wconf 83' lang='lat' dir='ltr'>seu</span> <span class='ocrx_word' id='word_1_828' title='bbox 1610 2121 1704 2159; x_wconf 79' lang='lat' dir='ltr'>potius</span> 
     </span>
    </p>
   </div>
   <div class='ocr_carea' id='block_1_16' title="bbox 891 2155 1706 2195">
    <p class='ocr_par' dir='ltr' id='par_1_18' title="bbox 891 2155 1706 2195">
     <span class='ocr_line' id='line_1_120' title="bbox 891 2155 1706 2195; baseline 0.009 -12"><span class='ocrx_word' id='word_1_829' title='bbox 891 2177 894 2179; x_wconf 24' lang='grc' dir='ltr'><strong>Α</strong></span> <span class='ocrx_word' id='word_1_830' title='bbox 919 2155 1127 2184; x_wconf 76' lang='lat' dir='ltr'>Baldacln&#39;nnm</span> <span class='ocrx_word' id='word_1_831' title='bbox 1137 2166 1151 2183; x_wconf 82' lang='lat' dir='ltr'>a</span> <span class='ocrx_word' id='word_1_832' title='bbox 1160 2156 1274 2184; x_wconf 71' lang='lat' dir='ltr'>Baldato</span> <span class='ocrx_word' id='word_1_833' title='bbox 1285 2178 1293 2189; x_wconf 87' lang='lat'><em>,</em></span> <span class='ocrx_word' id='word_1_834' title='bbox 1304 2167 1338 2185; x_wconf 84' lang='lat' dir='ltr'>ex</span> <span class='ocrx_word' id='word_1_835' title='bbox 1350 2167 1404 2195; x_wconf 89' lang='lat' dir='ltr'>quo</span> <span class='ocrx_word' id='word_1_836' title='bbox 1414 2159 1447 2187; x_wconf 85' lang='lat' dir='ltr'>ad</span> <span class='ocrx_word' id='word_1_837' title='bbox 1458 2159 1584 2188; x_wconf 62' lang='lat' dir='ltr'>Damasci</span> <span class='ocrx_word' id='word_1_838' title='bbox 1593 2162 1706 2191; x_wconf 82' lang='lat' dir='ltr'>Civita-</span> 
     </span>
    </p>
   </div>
   <div class='ocr_carea' id='block_1_17' title="bbox 915 2194 1704 2346">
    <p class='ocr_par' dir='ltr' id='par_1_19' title="bbox 915 2194 1704 2346">
     <span class='ocr_line' id='line_1_121' title="bbox 917 2194 1701 2239; baseline 0.009 -16"><span class='ocrx_word' id='word_1_839' title='bbox 917 2205 973 2224; x_wconf 88' lang='lat' dir='ltr'>tem</span> <span class='ocrx_word' id='word_1_840' title='bbox 982 2194 1096 2224; x_wconf 78' lang='lat' dir='ltr'>sericum</span> <span class='ocrx_word' id='word_1_841' title='bbox 1108 2195 1265 2224; x_wconf 74' lang='lat' dir='ltr'>mittebatur</span> <span class='ocrx_word' id='word_1_842' title='bbox 1274 2217 1281 2224; x_wconf 90' lang='lat'><strong>.</strong></span> <span class='ocrx_word' id='word_1_843' title='bbox 1294 2197 1367 2226; x_wconf 91' lang='lat' dir='ltr'>Vide</span> <span class='ocrx_word' id='word_1_844' title='bbox 1375 2202 1501 2228; x_wconf 82' lang='lat' dir='ltr'>Sameria</span> <span class='ocrx_word' id='word_1_845' title='bbox 1511 2221 1518 2228; x_wconf 89' lang='lat'><strong>.</strong></span> <span class='ocrx_word' id='word_1_846' title='bbox 1530 2203 1683 2239; x_wconf 73' lang='lat' dir='ltr'>Fastigium</span> <span class='ocrx_word' id='word_1_847' title='bbox 1695 2223 1701 2229; x_wconf 93' lang='lat'>.</span> 
     </span>
     <span class='ocr_line' id='line_1_122' title="bbox 916 2236 1704 2280; baseline 0.008 -16"><span class='ocrx_word' id='word_1_848' title='bbox 916 2236 1050 2273; x_wconf 80' lang='lat' dir='ltr'>Mappula</span> <span class='ocrx_word' id='word_1_849' title='bbox 1060 2257 1068 2264; x_wconf 89' lang='lat'><strong><em>.</em></strong></span> <span class='ocrx_word' id='word_1_850' title='bbox 1090 2237 1211 2265; x_wconf 77' lang='lat' dir='ltr'>Pendens</span> <span class='ocrx_word' id='word_1_851' title='bbox 1223 2256 1231 2263; x_wconf 88' lang='lat'><strong>.</strong></span> <span class='ocrx_word' id='word_1_852' title='bbox 1256 2236 1453 2268; x_wconf 78' lang='lat' dir='ltr'>Baldachinum</span> <span class='ocrx_word' id='word_1_853' title='bbox 1474 2251 1524 2279; x_wconf 92' lang='lat' dir='ltr'>pro</span> <span class='ocrx_word' id='word_1_854' title='bbox 1534 2241 1704 2280; x_wconf 80' lang='lat' dir='ltr'>proceffione</span> 
     </span>
     <span class='ocr_line' id='line_1_123' title="bbox 917 2276 1703 2320; baseline 0.009 -16"><span class='ocrx_word' id='word_1_855' title='bbox 917 2277 1027 2314; x_wconf 83' lang='lat' dir='ltr'>quando</span> <span class='ocrx_word' id='word_1_856' title='bbox 1046 2276 1165 2306; x_wconf 85' lang='lat' dir='ltr'>defertur</span> <span class='ocrx_word' id='word_1_857' title='bbox 1185 2276 1351 2308; x_wconf 74' lang='lat' dir='ltr'>Eucharistia</span> <span class='ocrx_word' id='word_1_858' title='bbox 1360 2300 1369 2313; x_wconf 90' lang='lat'><em>‚</em></span> <span class='ocrx_word' id='word_1_859' title='bbox 1390 2279 1496 2320; x_wconf 81' lang='lat' dir='ltr'>semper</span> <span class='ocrx_word' id='word_1_860' title='bbox 1514 2282 1593 2310; x_wconf 82' lang='lat' dir='ltr'>debet</span> <span class='ocrx_word' id='word_1_861' title='bbox 1608 2281 1658 2311; x_wconf 76' lang='lat' dir='ltr'>esse</span> <span class='ocrx_word' id='word_1_862' title='bbox 1667 2283 1703 2310; x_wconf 84' lang='lat' dir='ltr'>al-</span> 
     </span>
     <span class='ocr_line' id='line_1_124' title="bbox 915 2317 1213 2346; baseline -0.003 -1"><span class='ocrx_word' id='word_1_863' title='bbox 915 2318 996 2345; x_wconf 88' lang='lat' dir='ltr'>bum.</span> <span class='ocrx_word' id='word_1_864' title='bbox 1019 2317 1094 2346; x_wconf 84' lang='lat' dir='ltr'>Vide</span> <span class='ocrx_word' id='word_1_865' title='bbox 1105 2317 1213 2346; x_wconf 72' lang='lat' dir='ltr'>l&#39;clum.</span> 
     </span>
    </p>
   </div>
   <div class='ocr_carea' id='block_1_18' title="bbox 77 2348 1701 2400">
    <p class='ocr_par' dir='ltr' id='par_1_20' title="bbox 77 2348 1701 2400">
     <span class='ocr_line' id='line_1_125' title="bbox 77 2348 1701 2400; baseline 0.01 -25"><span class='ocrx_word' id='word_1_866' title='bbox 77 2357 110 2376; x_wconf 84' lang='lat' dir='ltr'>ro</span> <span class='ocrx_word' id='word_1_867' title='bbox 122 2348 187 2387; x_wconf 79' lang='lat' dir='ltr'>,qui</span> <span class='ocrx_word' id='word_1_868' title='bbox 198 2350 278 2378; x_wconf 86' lang='lat' dir='ltr'>certis</span> <span class='ocrx_word' id='word_1_869' title='bbox 289 2352 457 2390; x_wconf 86' lang='lat' dir='ltr'>temporibus</span> <span class='ocrx_word' id='word_1_870' title='bbox 467 2363 500 2382; x_wconf 87' lang='lat' dir='ltr'>eo</span> <span class='ocrx_word' id='word_1_871' title='bbox 512 2353 659 2384; x_wconf 81' lang='lat' dir='ltr'>mittuntur</span> <span class='ocrx_word' id='word_1_872' title='bbox 668 2378 677 2389; x_wconf 94' lang='lat'><em>‚</em></span> <span class='ocrx_word' id='word_1_873' title='bbox 688 2357 860 2385; x_wconf 81' lang='lat' dir='ltr'>Venetorum</span> <span class='ocrx_word' id='word_1_874' title='bbox 877 2359 1009 2387; x_wconf 75' lang='grc' dir='ltr'>ΒΑιιςτΑ</span> <span class='ocrx_word' id='word_1_875' title='bbox 1021 2377 1028 2385; x_wconf 91' lang='grc'><strong>.</strong></span> <span class='ocrx_word' id='word_1_876' title='bbox 1052 2358 1269 2388; x_wconf 84' lang='lat' dir='ltr'>Instrumentuni</span> <span class='ocrx_word' id='word_1_877' title='bbox 1280 2359 1410 2391; x_wconf 81' lang='lat' dir='ltr'>bellicum</span> <span class='ocrx_word' id='word_1_878' title='bbox 1418 2382 1425 2391; x_wconf 87' lang='lat'><strong>.</strong></span> <span class='ocrx_word' id='word_1_879' title='bbox 1450 2362 1524 2393; x_wconf 85' lang='lat' dir='ltr'>Vide</span> <span class='ocrx_word' id='word_1_880' title='bbox 1537 2362 1684 2400; x_wconf 74' lang='lat' dir='ltr'>Arbaltsta</span> <span class='ocrx_word' id='word_1_881' title='bbox 1694 2381 1701 2391; x_wconf 88' lang='lat'><strong>.</strong></span> 
     </span>
    </p>
   </div>
   <div class='ocr_carea' id='block_1_19' title="bbox 78 2387 857 2464">
    <p class='ocr_par' dir='ltr' id='par_1_21' title="bbox 78 2387 857 2464">
     <span class='ocr_line' id='line_1_126' title="bbox 78 2387 857 2437; baseline 0.015 -21"><span class='ocrx_word' id='word_1_882' title='bbox 78 2387 196 2426; x_wconf 77' lang='lat' dir='ltr'>Mpailus</span> <span class='ocrx_word' id='word_1_883' title='bbox 207 2411 215 2422; x_wconf 93' lang='lat'><em>,</em></span> <span class='ocrx_word' id='word_1_884' title='bbox 237 2391 293 2419; x_wconf 79' lang='lat' dir='ltr'>sive</span> <span class='ocrx_word' id='word_1_885' title='bbox 304 2393 331 2420; x_wconf 85' lang='lat' dir='ltr'>C</span> <span class='ocrx_word' id='word_1_886' title='bbox 333 2401 424 2422; x_wconf 84' lang='lat' dir='ltr'>urator</span> <span class='ocrx_word' id='word_1_887' title='bbox 434 2393 594 2424; x_wconf 75' lang='lat' dir='ltr'>pisanorum</span> <span class='ocrx_word' id='word_1_888' title='bbox 604 2417 613 2430; x_wconf 94' lang='lat'><em>‚</em></span> <span class='ocrx_word' id='word_1_889' title='bbox 634 2399 662 2427; x_wconf 77' lang='grc' dir='ltr'>δι</span> <span class='ocrx_word' id='word_1_890' title='bbox 671 2397 857 2437; x_wconf 64' lang='grc' dir='ltr'>Οειιιιεηξίωπ</span> 
     </span>
     <span class='ocr_line' id='line_1_127' title="bbox 117 2431 426 2464; baseline 0.003 -2"><span class='ocrx_word' id='word_1_891' title='bbox 117 2431 308 2463; x_wconf 68' lang='lat' dir='ltr'>Hierolexicon</span> <span class='ocrx_word' id='word_1_892' title='bbox 318 2437 411 2464; x_wconf 73' lang='lat' dir='ltr'>Macri</span> <span class='ocrx_word' id='word_1_893' title='bbox 418 2454 426 2463; x_wconf 85' lang='lat'><strong>.</strong></span> 
     </span>
    </p>
   </div>
   <div class='ocr_carea' id='block_1_20' title="bbox 860 2462 875 2472">
    <p class='ocr_par' dir='ltr' id='par_1_22' title="bbox 860 2462 875 2472">
     <span class='ocr_line' id='line_1_128' title="bbox 860 2462 875 2472; baseline 0 54"><span class='ocrx_word' id='word_1_894' title='bbox 860 2462 875 2472; x_wconf 95' lang='lat' dir='ltr'> </span> 
     </span>
    </p>
   </div>
   <div class='ocr_carea' id='block_1_21' title="bbox 915 2398 1126 2437">
    <p class='ocr_par' dir='ltr' id='par_1_23' title="bbox 915 2398 1126 2437">
     <span class='ocr_line' id='line_1_129' title="bbox 915 2398 1126 2437; baseline -0.009 -9"><span class='ocrx_word' id='word_1_895' title='bbox 915 2398 1109 2437; x_wconf 72' lang='lat' dir='ltr'>Diaspbendoa</span> <span class='ocrx_word' id='word_1_896' title='bbox 1119 2418 1126 2426; x_wconf 86' lang='grc'><strong>.</strong></span> 
     </span>
    </p>
   </div>
  </div>
 </body>
</html>
