1866 2526
0 0 5 139 ’

434 21 552 64 ΟΡ

88 80 251 118 Levium».
265 89 311 115 5¹·
331 77 425 124 estque
442 76 563 119 graeciim
575 88 698 112 nomen,
719 76 890 117 ὄφιόμακος,
917 103 919 105 ,

91 122 160 151 idest
172 143 181 155 ‚
202 119 336 159 serpentis
345 120 490 152 inimicus,
512 130 610 149 conti-:i
629 130 710 159 quein
728 120 798 150 solet
806 131 892 150 certa—

90 174 138 195 res
150 162 299 192 alii-temen
307 170 404 198 putant
414 159 466 190 esse
476 161 586 190 locustae
597 160 716 200 speciem
726 161 822 201 absque
831 162 890 191 alis.
900 196 903 205 y

48 203 155 234 opum
167 220 185 230 .⁷
197 203 255 232 PR.
266 199 387 229 hebraica
396 201 484 230 dictio
496 223 504 235 ‚
527 212 619 231 aurum
631 201 786 241 significans
798 224 806 235 ,
817 203 889 231 unde

92 250 105 280 [
116 247 200 274 'ren-a
215 240 308 280 ophir.
319 244 429 282 3.Reg.
438 252 496 281 cap.
507 253 536 278 9.
548 244 560 273 ]
578 242 723 271 auriferam
745 243 889 282 regionem

89 285 205 314 denotat
213 301 221 310 .
243 281 381 321 Indagant
392 293 482 312 autein
495 283 646 322 Scriptores
655 304 663 316 ‚
685 293 812 322 quaenam
820 283 887 313 suis-

87 325 129 354 set
138 323 197 353 haec
206 322 285 362 regio
296 344 304 355 ,
325 333 361 351 ex
379 334 430 362 qua
439 324 581 353 Salomoni
592 324 764 353 deferebatur
773 335 866 353 aurum
879 347 885 353 .

84 365 168 402 Quod
178 365 197 394 fi
205 363 272 393 fides
283 363 432 402 prestanda
443 365 474 394 fit
482 363 604 403 Josepho
616 366 735 394 Helii-20
745 386 754 398 ,
774 376 830 394 non
842 365 884 394 in-

85 405 239 445 telliynda
248 405 301 434 erit
314 405 395 434 India
406 417 414 437 ς
431 406 470 434 :iit
481 406 558 434 enim
566 405 703 444 ille.quod
713 404 763 438 suo
773 415 846 438 πνο,
857 409 883 435 δε

85 450 142 475 no'n
152 456 229 475 amea
240 455 290 484 pro
301 445 359 474 auri
371 456 441 476 terra
449 445 596 485 recognita
607 445 693 475 suerat
702 465 710 474 .
719 446 883 484 Eupolemus

83 485 239 516 sla-Eusebio
250 508 259 519 ‚
277 487 323 515 lib.
335 498 364 523 9.
375 497 431 526 cap.
444 499 470 523 4.
481 497 624 527 praeparat.
634 486 881 531 evang.=iddii&u5,

81 528 118 556 :iit
127 528 272 566 quamdam
282 526 398 556 insulam
410 539 439 556 in
458 527 525 557 mari
545 526 682 556 Enithrxo
694 527 768 556 fuisse
776 529 863 566 Urphe
873 549 881 560 ‚

83 568 139 597 sive
157 568 219 605 Urfi
233 568 394 606 appellatam
406 588 413 596 .
436 569 535 597 Marius
552 576 644 596 autem
659 568 752 607 Niger
772 569 880 606 Cherso-

81 619 163 637 neam
174 609 319 637 Ptolemaei
330 608 404 638 suiss'e
411 609 518 641 maluit,
527 618 608 646 quam
617 618 710 636 tamen
722 607 812 653 ¹¹¹¹,u¹.¹⁵
822 612 881 638 Au·

79 649 186 678 &erait
196 648 247 678 effi:
256 648 416 680 auriferam;
439 648 486 678 sed
506 658 616 677 tantum
633 659 667 676 ex
686 658 808 678 nominis
818 659 880 685 ety-

80 690 202 728 mologia
211 689 352 718 conneetit
362 710 369 717 .
392 689 509 719 Thomss
517 690 613 727 lopez
623 689 654 718 in
665 692 722 726 ejus
732 689 824 734 indica
833 702 879 719 na-

82 730 224 769 vigatione
236 730 320 758 refert
330 751 338 762 ‚
357 730 508 759 habitantes
519 731 642 769 regionis
653 732 771 768 cephala
783 741 813 769 in
827 731 879 761 AEi

80 769 188 808 thiopia
198 770 228 798 in
238 780 332 798 eorum
343 771 463 810 antiquis
480 771 667 800 monumentis
677 771 775 800 habere
786 794 792 804 ‚
804 773 878 801 Salo-

56 832 59 834 *
76 819 189 839 monem
198 810 234 838 ibi
245 809 340 840 miliss‘e
359 812 392 840 ad
404 812 605 841 extrahendum
623 821 734 841 aurum..
757 815 878 852 Gropiiis

77 851 107 880 in
118 850 194 879 rebus
204 850 373 890 Hispanicis,
385 856 413 881 8(
424 854 554 882 Benedic.
567 853 646 882 Arias
656 855 804 882 Montanus
813 854 875 882 asse>

76 901 142 920 runt
154 913 162 925 ,
174 892 249 930 quod
258 902 291 920 ex
305 893 437 922 vocabulo
447 895 532 932 Ophir
542 896 628 923 tractu
640 895 770 932 temporis
778 895 876 934 deper-

75 932 135 961 dita
145 931 316 971 aspirationis
326 934 407 962 litera
417 938 523 972 Opim&
535 935 760 973 curruptiuspm‘e
773 936 876 965 dietum

77 972 128 1001 fuit
139 984 148 1003 ‚-
172 981 298 1011 tempore
306 983 399 1003 tamen
412 975 466 1012 Job
475 976 509 1004 de
518 976 760 1015 aquilonariplaga
771 977 875 1006 desere-

78 1014 154 1042 batur
162 1023 272 1041 aurum:
297 1016 362 1049 [Ab
371 1016 502 1053 aquilone
510 1026 604 1045 :iiii-um
616 1017 694 1045 venit
705 1037 712 1049 ,
734 1017 806 1046 idem
815 1029 874 1057 cap.

76 1064 123 1092 37.
135 1055 146 1084 ]
159 1063 284 1092 tempore
292 1064 382 1083 autem
392 1057 510 1084 Davidi's
521 1057 555 1085 de
565 1057 678 1086 Arabia:
705 1060 761 1094 [Et
772 1058 873 1088 dabunt

76 1095 203 1123 eiaiirum
214 1095 249 1123 de
260 1096 359 1124 Arabia
371 1118 378 1129 ,
400 1096 542 1134 psal.71.]
563 1100 664 1127 Verum
681 1099 728 1137 qui
748 1100 824 1138 cupit
845 1101 874 1128 in

73 1134 127 1163 lioc
149 1136 282 1164 vocabulo
301 1137 453 1166 Austorum
475 1139 589 1173 Sylvam
610 1137 744 1177 inspicere
763 1161 772 1173 ‚
800 1142 874 1180 legat

75 1175 246 1204 Franciscum
255 1178 462 1206 Torreblanczim
475 1200 483 1211 ‚
502 1180 549 1207 lib.
566 1190 608 1208 10.
617 1180 683 1213 juris
693 1179 782 1218 spirit.
793 1183 872 1220 pra-fl.

73 1227 97 1244 c.
110 1228 137 1251 4.
147 1223 205 1245 n.6.
217 1218 252 1245 In
262 1218 379 1255 Jeremia
387 1229 476 1248 tamen
488 1241 497 1252 ‚
506 1230 579 1248 c.10.
591 1220 688 1258 Ophaz
698 1221 809 1260 legitur.
825 1225 874 1251 Vi-

73 1257 107 1285 de
128 1263 206 1286 Par..

33 1297 164 1327 omum
174 1319 182 1330 ,
193 1297 318 1326 haeretici
327 1298 463 1337 serpentis
471 1300 627 1330 adoratores
635 1324 642 1335 ,
658 1303 704 1341 qui
714 1313 802 1341 graece
814 1303 874 1342 ὀφῖ-

73 1349 114 1367 πει
123 1338 253 1366 dicuntur
264 1359 270 1367 .
295 1346 307 1375 [
319 1340 438 1378 Ophir-e
448 1352 462 1369 a
471 1343 583 1371 colubro
592 1344 731 1371 nominati
742 1343 815 1377 siint,
827 1355 873 1373 co-

72 1378 149 1406 luber
159 1379 234 1407 enim
243 1390 333 1418 graece
343 1380 398 1419 ὄφις
407 1381 511 1410 dicitur
523 1394 530 1410 ε
553 1384 648 1412 coliint
669 1385 744 1412 enim
762 1383 870 1424 serpen<

71 1428 128 1447 tem
139 1441 147 1452 ‚
157 1420 280 1448 dicentes
291 1419 377 1458 ipsum
389 1423 419 1450 in
437 1422 595 1452 Paradisum
616 1424 751 1453 induxiss'e
763 1427 873 1454 virtutis

69 1469 263 1497 cognitionem
274 1481 281 1487 .
304 1461 403 1498 Ilidor.
425 1462 471 1491 lib.
483 1467 506 1491 8.
517 1466 634 1498 etymol.
645 1475 702 1503 cap.
717 1477 739 1494 i.
753 1465 874 1495 Access'e—

72 1509 135 1527 runt
144 1500 219 1527 enim
228 1500 353 1528 haeretici
373 1501 416 1530 illi
429 1523 436 1534 ‚
457 1504 504 1540 qui
523 1504 641 1542 Ophitae
663 1515 871 1544 nuncupaiitur;

71 1549 133 1567 nam
144 1538 298 1577 serpentem
319 1541 495 1579 magnificant
517 1544 546 1572 in
557 1554 664 1573 tantum
675 1568 681 1578 ,
701 1545 818 1576 utillum
833 1558 873 1576 et-

70 1579 124 1608 iarn
137 1579 186 1618 ipli
205 1579 322 1609 Christo
339 1582 487 1619 praeferant
497 1603 505 1611 .
525 1586 641 1614 Tertull.
663 1587 710 1614 lib.
720 1587 754 1615 de
765 1588 871 1626 praescr.

68 1620 214 1651 licei-etin]
231 1622 285 1649 FR.
298 1621 378 1650 Idem
386 1622 500 1652 hahetur
509 1646 518 1658 ‚
537 1637 583 1660 24.
594 1636 639 1665 qii.
652 1638 678 1666 3.
691 1638 750 1656 can.
762 1639 810 1666 39.
822 1630 872 1658 Vi-

68 1660 102 1689 de
113 1662 226 1699 Hystera
237 1681 243 1688 .

28 1701 271 1730 offla-immicus
284 1723 292 1735 ‚
302 1703 426 1734 ocularis
439 1715 473 1733 ex
484 1715 574 1744 grseco
585 1706 727 1744 ἆφθαλμᾶς
737 1730 745 1742 ‚
756 1711 849 1739 oculus
863 1732 868 1739 .

72 1747 84 1776 [
95 1742 168 1770 Cum
182 1752 248 1770 vero
257 1752 331 1771 aures
342 1766 350 1777 ,
362 1745 492 1774 oculosve
503 1746 657 1784 pervaserit
667 1750 696 1777 in
706 1751 866 1788 otalgicum,

68 1781 124 1810 live
136 1782 164 1810 in
177 1781 375 1820 ophtalmicum
388 1786 508 1815 vertitur
517 1788 640 1817 morbum
651 1810 658 1817 .
680 1788 800 1819 Caffian.
812 1794 869 1822 col-

67 1824 112 1850 lat.
128 1832 172 1856 ¹4-
182 1833 205 1850 c.
221 1832 263 1858 ¹5·

29 1863 146 1891 Omevs
159 1882 167 1889 .
191 1863 265 1891 Vide
278 1867 418 1894 Cannam
427 1887 434 1893 .
445 1871 545 1904 Opirm
555 1888 563 1896 .

30 1904 194 1932 Opiniosus
205 1925 212 1936 ,
235 1903 287 1931 suae
298 1907 442 1943 opinionis
453 1917 535 1937 tenax
549 1929 556 1936 .
580 1909 640 1938 Alii
663 1911 802 1950 propriam
812 1914 871 1942 exi-

67 1944 256 1972 stimationem
265 1946 412 1979 jaetantem
424 1969 431 1981 ‚
444 1948 530 1982 idest,
540 1949 684 1988 superbum
695 1952 868 1992 intelligunt.

68 1984 156 2013 Unde
168 1985 329 2014 Tei-tullian.
340 1988 389 2016 l-z.
400 1988 506 2017 advers.
516 1991 599 2018 Marc.
609 1991 643 2020 de
653 1993 746 2021 decem
759 1994 870 2032 leprolis

67 2035 80 2052 a
91 2024 208 2053 Christo
218 2025 318 2054 sanatis
331 2028 462 2066 loquens,
482 2030 539 2058 ait:
565 2034 634 2066 [An
654 2043 790 2072 tamquam
801 2036 870 2075 legis

66 2064 165 2094 illusor
174 2087 182 2099 ,
193 2076 222 2094 ut
234 2067 264 2094 in
275 2067 377 2097 itincre
385 2070 651 2101 curatisostenderet
659 2095 667 2107 ,
680 2073 753 2102 nihil
762 2074 814 2104 esse
823 2077 861 2105 le-

1244 23 1291 64 0,
1321 22 1368 64 Ρ·
1611 39 1691 78 475

946 77 1123 109 catholicon
1140 80 1285 118 opiniosus
1304 79 1384 111 habet
1394 104 1405 116 ,
1423 86 1498 119 cujus
1517 93 1586 121 opus
1599 83 1746 114 vetustiffi-

946 129 1022 148 mum
1033 119 1138 156 habeof,
1156 121 1231 158 quod
1240 129 1322 159 penes
1332 132 1375 152 me
1385 123 1483 152 vidiss'c
1492 123 1601 152 testatur
1611 124 1748 154 Eruditis.

945 159 1026 189 fimus
1038 160 1160 190 Michael
1169 161 1339 200 justinianus
1349 163 1378 192 in
1387 167 1444 199 ejus
1455 174 1539 203 opere
1555 165 1591 192 de
1599 165 1748 204 Sei-iprori,

945 200 991 229 bus
1009 201 1119 240 Liguris
1130 222 1139 234 ‚
1159 210 1185 240 p.
1207 212 1220 240 3
1232 213 1274 241 ¹3·
1294 203 1348 233 col.
1364 215 1388 233 i.
1405 207 1498 244 Atque
1518 205 1623 235 Cicero
1634 227 1640 237 ,
1662 207 1709 237 lib.
1720 223 1747 246 ⁴·

945 241 1079 270 Academ.
1089 242 1198 280 inquit:
1221 248 1232 278 [
1246 244 1329 280 Quod
1340 245 1396 275 duo
1415 247 1459 275 vel
1470 246 1610 284 principes
1620 246 1747 279 dialeeh-

944 291 1040 310 corum
1046 283 1200 321 Antipater
1211 305 1219 316 ‚
1241 287 1268 313 δε
1289 285 1472 316 Archidamus
1482 286 1676 326 opiniolissimi
1693 289 1745 321 lio-

944 322 1032 351 mines
1041 333 1136 352 nonne
1147 323 1177 352 in
1189 325 1284 354 multis
1294 327 1372 356 rebus
1383 327 1561 358 dissentiunt?
1572 330 1584 360 ]
1597 332 1671 368 Ergo
1681 335 1746 370 Opi-

943 364 1035 400 niosus
1047 383 1058 399 ,
1075 367 1103 393 δε
1124 375 1184 393 non
1199 367 1332 404 Opimsus
1343 384 1363 401 ‚⁴
1374 379 1412 397 ut.
1423 368 1492 398 falso
1514 370 1668 408 calepinus
1683 373 1741 407 ait,

940 402 1021 431 scribi
1030 403 1127 434 debet».
1427 426 1451 438 ω

899 442 1018 472 Οιηκυς
1030 465 1038 477 ,
1061 454 1117 474 voit
1127 455 1255 486 corrupta
1266 469 1275 481 ,
1293 459 1355 478 ciim
1375 450 1485 480 deberet
1503 450 1616 480 fortasse
1633 456 1744 494 Apyrus

938 482 1018 512 scribi
1029 506 1037 518 ‚
1059 495 1094 514 ex
1103 497 1196 525 graeco
1206 487 1310 527 ἄπυρος
1321 511 1328 522 ,
1339 501 1372 519 ex
1386 491 1544 529 particulam
1552 514 1560 526 ‚
1582 491 1722 530 privativa
1734 518 1742 530 ‚

937 524 1005 553 idest
1016 546 1024 559 ,
1035 525 1142 565 absque,
1154 531 1183 557 dc
1193 529 1249 568 πῦρ
1258 551 1266 563 ,
1277 533 1350 567 ignis
1361 554 1368 565 ,
1382 532 1450 561 idest
1462 554 1471 566 ‚
1482 532 1580 572 absque
1589 534 1744 574 igne,quod

936 563 1013 593 sonat
1027 577 1083 594 non
1103 569 1193 597 costus
1204 590 1212 602 ,
1233 570 1299 598 dum
1310 571 1346 600 de
1353 583 1422 611 pane
1432 573 1532 602 Matth.
1542 573 1626 603 Paris.
1635 576 1666 604 in
1676 576 1745 606 hist.

939 605 993 632 ait:
1008 611 1019 640 [
1032 607 1112 636 Panis
1122 619 1217 638 eorum
1226 611 1320 649 opirus
1330 634 1338 645 ,
1348 617 1375 643 ὅ(
1385 614 1511 643 mucidus
1522 617 1533 646 ]
1555 615 1577 644 fi«
1584 625 1644 644 non
1654 618 1741 648 vellet

937 655 1029 683 potius
1039 646 1151 677 fortasse
1161 654 1277 688 Opicum
1289 673 1296 684 ‚
1307 653 1395 687 idest,
1406 654 1549 684 sordidum
1559 660 1607 688 ‚.&
1618 657 1743 687 immun-

936 686 1002 714 dum
1012 687 1174 728 intelligere
1183 712 1191 723 ‚
1203 691 1268 720 dum
1276 691 1326 722 hic
1339 696 1442 725 Au&or
1453 707 1512 725 non
1521 697 1632 725 videtui·
1641 697 1741 729 habere

935 726 1040 766 linguae
1049 738 1145 767 graeca:
1157 733 1287 762 notitiam
1299 754 1306 761 .

896 765 1173 800 Opisriiooimpous
1185 794 1192 805 ,
1224 770 1421 815 ὅπιθᾶγρειφσς
1432 797 1441 810 ,
1456 776 1562 816 pagina
1572 789 1612 806 exi
1623 788 1742 820 utraque

936 818 1012 846 parte
1022 819 1128 839 exarata
1139 833 1148 844 ‚
1158 823 1239 851 quam
1248 815 1340 844 Latini
1349 821 1452 855 Atergo
1461 818 1587 847 dicebant
1595 839 1603 846 .
1614 821 1740 851 ΡΚ.η;ιηι

935 859 1042 878 veteres
1050 851 1192 882 dumtaxat
1203 855 1235 882 ab
1242 856 1356 885 adversa
1366 867 1473 886 tantum
1485 858 1552 888 facie
1562 859 1662 890 chartae
1674 861 1742 891 scti-

934 889 1032 918 bebant
1041 912 1049 923 ‚
1060 902 1115 930 quo
1126 893 1222 923 liceret
1232 906 1246 924 e
1255 898 1371 936 regione
1382 899 1500 936 adjicere
1510 922 1519 933 ‚
1540 900 1559 929 fi
1570 901 1638 940 quid
1649 903 1740 941 place-

933 940 975 958 ret
985 931 1076 968 postea
1090 955 1097 965 ,
1110 944 1155 962 aut
1167 935 1291 966 etiamid
1302 938 1432 968 faciebant
1442 941 1478 968 ob
1490 941 1641 971 tabularum
1651 943 1719 973 vitia
1728 965 1739 973 .

934 972 1011 999 Hinc
1019 973 1126 1002 Plinius
1137 996 1145 1008 ‚
1158 976 1188 1004 in
1199 978 1279 1016 epist.
1296 990 1322 1014 ς.
1336 980 1381 1008 lib.
1392 991 1419 1018 3.
1431 980 1541 1020 inquit:
1554 984 1742 1017 [Elec'torum-

933 1021 986 1049 que
995 1017 1209 1045 commentarios
1230 1028 1342 1048 centum
1362 1020 1505 1060 sexaginta
1523 1022 1596 1052 mihi
1606 1025 1718 1064 reliquit
1729 1049 1739 1062 ,

931 1053 1151 1092 opiltographos·
1161 1059 1274 1096 quidem
1285 1082 1292 1092 ,
1316 1065 1343 1089 ὃ(
1366 1062 1545 1093 minutissime
1566 1062 1684 1103 scriptos
1693 1087 1701 1094 .
1723 1070 1737 1100 J

932 1094 1006 1122 Vide
1015 1095 1114 1124 Claud.
1126 1099 1196 1126 Min.
1208 1099 1238 1128 in
1248 1100 1382 1130 observat.
1391 1103 1530 1141 d.cpist.5.
1543 1115 1624 1143 quam
1634 1106 1741 1145 fignifi-

930 1144 1068 1163 cationem
1079 1137 1197 1167 Alexan.
1207 1141 1238 1170 ab
1247 1143 1366 1171 Alexan.
1377 1143 1395 1171 l.
1410 1155 1434 1172 ε..
1443 1144 1546 1184 gcnial.
1556 1157 1595 1184 c.3
1601 1158 1628 1175 0.
1638 1157 1739 1186 appro-

929 1175 1014 1203 bavit.
1026 1177 1166 1216 Corrupte
1176 1190 1266 1210 tamen
1279 1183 1529 1223 Episthogi-aphum
1538 1188 1608 1226 apud
1620 1188 1739 1227 Ulpian-

927 1216 1084 1254 legebatur.
1109 1220 1182 1248 Vide
1195 1224 1376 1252 Hermolaum
1388 1227 1532 1255 Barbarum
1543 1227 1574 1256 in
1583 1239 1735 1260 comment.

929 1257 963 1284 ad
973 1257 1096 1286 Plinium
1108 1281 1115 1292 ,
1128 1261 1171 1289 ubi
1181 1262 1272 1292 locum
1284 1265 1404 1303 Ulpiani
1416 1288 1426 1300 ,
1445 1267 1477 1295 in
1490 1268 1545 1307 leg.
1556 1279 1583 1304 4.
1594 1268 1620 1298 ff.
1631 1272 1735 1301 Bonor-

930 1296 1002 1334 posS.
1013 1297 1121 1328 secund·
1131 1303 1184 1331 tab.
1196 1305 1307 1333 adducit
1319 1326 1327 1333 .

889 1337 1126 1381 Orisriioronus
1140 1363 1148 1375 ,
1159 1343 1322 1380 &maed-mog
1332 1357 1340 1377 3
1351 1346 1433 1376 dolor
1443 1347 1474 1377 in
1481 1348 1605 1388 scapulo,
1615 1351 1657 1380 ubi
1672 1363 1736 1381 ner-

932 1388 960 1407 vi
969 1389 1185 1421 congregantur,
1197 1395 1225 1413 ac
1235 1387 1329 1416 taliter
1340 1387 1506 1418 indurantur
1517 1412 1525 1423 ,
1539 1401 1569 1419 ut
1578 1393 1738 1429 ‚patientum

930 1429 1011 1457 caput
1023 1432 1136 1461 vei-gere
1145 1435 1203 1454 non
1214 1427 1303 1456 sinant
1312 1448 1318 1455 .
1330 1429 1394 1463 Quo
1404 1430 1534 1459 vocabulo
1546 1431 1605 1460 usus
1615 1432 1652 1461 est
1663 1434 1735 1462 Ori·

928 1471 1012 1498 genes
1024 1483 1032 1494 ,
1044 1463 1074 1491 in
1084 1464 1183 1494 homil.
1193 1466 1251 1506 sup.
1263 1469 1309 1497 lib.
1321 1471 1430 1508 Regum
1439 1491 1447 1497 .

889 1501 1040 1531 OPORTri·
1053 1524 1060 1531 .
1071 1505 1182 1534 FRJioc
1194 1510 1303 1537 vei-bum
1315 1520 1372 1537 nou
1382 1509 1487 1549 semper
1499 1511 1628 1550 importat
1642 1514 1731 1544 neces.

929 1541 1052 1575 §itateim
1075 1544 1123 1574 sed
1133 1549 1296 1588 quandoque
1309 1549 1480 1580 honestatem
1494 1574 1501 1584 ,
1522 1555 1733 1584 &convenien-

927 1592 994 1612 tiam
1006 1584 1139 1623 lignis-icat
1149 1609 1156 1615 .
1169 1589 1265 1618 Glossa
1278 1591 1308 1618 in
1318 1601 1377 1619 cin.
1390 1591 1552 1622 confidimus
1565 1616 1571 1626 ,
1587 1605 1632 1630 ις.
1645 1606 1690 1633 qu.
1708 1607 1732 1624 i.

886 1624 1041 1654 Oimssus
1052 1648 1060 1659 ‚
1083 1628 1201 1662 objectus
1212 1651 1219 1662 ,
1236 1631 1376 1670 oppolitus
1386 1653 1393 1664 ,
1413 1634 1590 1672 interpositus
1601 1657 1609 1668 ,
1635 1636 1730 1671 [Solis

927 1665 1004 1693 enim
1014 1667 1202 1698 Sacerdotibus
1211 1671 1288 1700 adire
1299 1672 1407 1701 licitum
1418 1696 1424 1706 ,
1436 1678 1463 1703 δε
1474 1675 1635 1714 conspectus
1645 1686 1729 1705 caete-

926 1715 1019 1734 rorum
1030 1728 1038 1739 ,
1051 1710 1116 1738 velo
1127 1711 1246 1749 oppai‘l‘o,
1256 1712 1469 1743 interdicebatur
1479 1735 1486 1742 -
1496 1717 1611 1745 Tei-tull.
1623 1717 1731 1747 advers.

927 1749 1012 1776 Gent.
1022 1758 1080 1788 cap.
1098 1758 1141 1780 ιδ.
1153 1753 1164 1782 ]
1178 1753 1315 1792 Loquitur
1324 1755 1397 1782 enim
1407 1755 1441 1783 de
1452 1757 1516 1784 velo
1526 1778 1533 1789 ‚
1546 1757 1620 1795 quod
1633 1759 1729 1787 Sansta

928 1788 1088 1819 Sanctorum
1099 1793 1206 1830 tegebat
1220 1815 1226 1826 ,
1236 1804 1264 1822 ac
1273 1795 1432 1834 oppolitiim
1443 1807 1499 1825 erat
1509 1797 1668 1836 conspectui
1677 1809 1734 1838 po-

927 1829 1015 1867 pulari
1026 1851 1032 1857 .
1051 1833 1086 1861 In
1098 1834 1158 1861 aliis
1169 1835 1306 1863 codicibus
1315 1838 1436 1874 oppanso
1446 1838 1548 1876 legitur
1556 1859 1564 1866 .

885 1870 1064 1901 Oniucxmio
1075 1893 1082 1900 .
1106 1875 1181 1902 Vide
1198 1877 1329 1911 hfiducio
1337 1895 1344 1903 .

878 1911 1092 1942 Ὀιψοιιτυκυε
1104 1935 1112 1942 .
1135 1916 1210 1943 Vide
1226 1921 1424 1954 Temporaneus
1437 1937 1445 1944 .

884 1951 1059 1982 Opvomus
1071 1976 1079 1987 ,
1101 1955 1215 1994 pignori
1235 1957 1311 1985 datiis
1323 1978 1330 1989 ,
1355 1959 1595 1997 [Suppositorium
1614 1960 1728 2000 aliquod

925 2003 1087 2032 argenteum
1097 2017 1105 2028 ‚
1118 2006 1169 2034 pro
1179 2007 1234 2025 uno
1244 1996 1335 2026 solido
1345 1998 1448 2027 dicitur
1458 1999 1508 2029 esse
1520 2001 1687 2040 oppositum,
1699 2008 1728 2034 &

923 2036 994 2063 calix
1003 2045 1054 2073 pro
1073 2035 1118 2064 sex
1131 2036 1226 2065 solidis
1237 2058 1246 2065 .
1267 2038 1304 2066 D.
1317 2041 1405 2078 Greg.
1422 2040 1453 2068 in
1465 2042 1596 2081 Registro
1610 2063 1622 2080 ,
1639 2042 1685 2072 lib.
1702 2055 1740 2073 i.·

921 2085 978 2113 cap.
991 2088 1038 2111 μ.

63 2115 128 2144 gem
138 2117 199 2135 cum
214 2107 220 2134 i
244 2107 276 2136 lis
295 2109 502 2141 Sacerdotibus?
525 2115 560 2140 Et
582 2113 678 2152 utique
700 2115 805 2144 viderit
816 2139 825 2150 ‚
849 2118 867 2146 fi
881 2116 984 2144 Οντιο
994 2137 1001 2143 .
1014 2118 1071 2146 FR.
1084 2117 1177 2146 Curiae
1188 2120 1273 2148 Rom.
1287 2129 1358 2148 term
1367 2120 1428 2150 inus
1439 2143 1447 2155 ‚
1459 2123 1570 2160 quando
1580 2146 1588 2157 ,
1598 2123 1704 2154 scilicet
1716 2146 1725 2158 ‚

64 2147 107 2174 cui
117 2147 257 2184 opiniosus
268 2149 405 2178 videbitur
415 2151 544 2180 Christus
554 2173 560 2180 .
573 2156 584 2184 ]
607 2155 705 2193 Itaque
715 2154 806 2186 dicere
820 2168 868 2186 vo-

63 2187 115 2215 luit
126 2189 312 2217 Tertullianus
322 2211 331 2224 ‚
355 2202 414 2220 non
426 2202 484 2221 crat
502 2194 572 2232 legis
581 2204 702 2224 novator
715 2217 722 2228 ,
746 2197 810 2226 dum
833 2199 866 2227 :id

61 2228 132 2267 legis
143 2229 299 2258 Sacerdotes
308 2231 430 2270 leprosos
451 2232 525 2269 juffiz
536 2234 575 2262 eis
585 2233 614 2262 sc
623 2236 768 2266 ostendere
777 2259 784 2266 .
809 2240 864 2269 PR.

61 2269 220 2307 Calepinun«
232 2280 323 2300 tamen
335 2283 369 2302 ex
389 2273 564 2303 Catholicon
579 2275 755 2316 descripserat
769 2283 864 2317 Opino-

53 2310 122 2346 sus:
145 2309 193 2339 sed
202 2312 331 2341 vitiatum
342 2336 351 2348 ‚
374 2315 420 2344 vel
431 2315 462 2343 ab
483 2315 627 2345 Ambrofio
637 2318 794 2356 Calepino,
819 2321 863 2349 vel

60 2351 277 2392 aTypograplio
287 2353 355 2387 fuit5
379 2365 442 2385 nam
455 2357 577 2396 joannes
595 2359 791 2390 Genuensisiii
811 2360 860 2391 suo

921 2157 1077 2185 Cardinslis
1089 2168 1176 2187 mutat
1188 2159 1300 2188 titulum
1310 2159 1348 2189 sui
1359 2162 1553 2192 cardinalatus
1567 2187 1574 2198 ,
1583 2175 1643 2203 qim:
1656 2175 1725 2194 tem-

921 2207 988 2234 pore
1012 2198 1093 2226 Alex.
1107 2201 1160 2228 ΡΙ).
1174 2201 1208 2228 V.
1221 2210 1295 2228 inter
1314 2202 1478 2232 Cardinales
1491 2204 1650 2234 introduc‘la
1668 2207 1726 2240 est,

918 2238 968 2275 qui
979 2239 1049 2276 Papa
1058 2239 1118 2277 post
1132 2238 1254 2269 sedatum
1265 2240 1379 2271 schisma
1391 2243 1538 2274 invenerat
1547 2247 1614 2274 duos
1624 2247 1726 2276 Cardi-

917 2278 992 2306 nales
1009 2279 1131 2308 eundem
1154 2282 1266 2310 titulum
1283 2281 1470 2322 possidentes-3
1493 2287 1566 2315 unde
1581 2296 1648 2324 opus
1671 2287 1723 2316 suit

917 2319 967 2347 uni
977 2329 1072 2348 eorum
1092 2331 1196 2350 mutare
1209 2323 1321 2352 titulum
1334 2346 1342 2357 ‚
1353 2335 1433 2364 atque
1445 2327 1547 2355 exinde
1566 2327 1722 2357 introducta

917 2358 968 2390 suit
979 2360 1060 2400 optio
1071 2381 1078 2390 .
1103 2362 1289 2404 Honiiphrius
1301 2366 1442 2407 Panvinus
1452 2368 1523 2407 apud
1546 2368 1738 2406 §pendanum

1611 2419 1684 2438 anno
