1866 2526
1248 58 1298 99 Ι)
1322 59 1363 100 O
1621 60 1697 114 287

94 111 177 144 racio
185 132 194 142 .
214 112 311 149 [Dato
322 110 408 152 igitur
419 122 500 141 mane
510 112 615 142 redivit
631 113 664 142 ad
675 111 783 153 propria
792 134 800 142 .
813 115 899 154 Greg.
954 108 1154 144 deducerentur
1165 113 1194 143 in
1204 110 1409 155 fontem.Greg.
1417 118 1520 146 Turon.
1530 117 1565 147 de
1575 117 1663 157 glori:
1673 120 1753 150 Mm.

97 155 201 186 Turon.
211 153 246 183 de
255 153 327 192 glor.
336 153 514 192 confeflltap.
530 155 597 190 ¹5.]
616 154 704 188 idest,
725 154 795 183 sacro
804 164 898 183 mane.
955 154 1001 184 lib.
1017 165 1039 183 ι.
1049 165 1107 193 cap.
1121 163 1166 191 ις.
1179 155 1254 184 Vide
1262 159 1381 185 nomm.
1392 160 1556 196 Aquagium
1565 178 1573 186 .

59 191 182 227 Doccu
193 218 201 229 ‚
211 204 287 234 aquae
299 195 394 224 duetus
405 215 413 228 ,
423 193 469 223 seu
479 194 589 223 alterius
599 195 713 234 liquoris
723 195 898 233 excerptas&
915 195 1071 225 nouenos
1083 216 1090 223 .
1099 197 1156 225 FR.
1165 205 1256 235 graeca
1267 206 1323 226 vox
1333 195 1451 232 δῦλικος
1461 220 1468 231 ‚
1487 206 1547 237 quae
1557 197 1673 238 spatium
1683 201 1748 229 duo-

96 237 234 277 quoddam
243 236 336 264 canale
345 245 421 274 :iquae
432 233 602 264 velocislime
611 236 747 271 currentis
755 235 881 264 deorsum
892 258 899 269 ,
956 236 1047 265 decim
1067 236 1218 266 stadiorum
1228 237 1363 276 fignificat
1372 258 1379 265 .
1402 243 1414 272 [
1425 240 1534 267 Etenim
1554 241 1602 278 qui
1622 239 1651 268 in
1662 240 1747 269 stade

97 288 126 307 ut
135 277 230 306 doccia
240 276 396 305 molendini
410 298 416 309 ‚
428 286 582 314 percuteret
593 277 621 304 in
639 286 744 305 murum
756 297 765 309 ,
785 276 898 305 manife-
955 276 1097 316 postquam
1119 277 1213 307 decem
1223 277 1350 306 dolichos
1359 279 1479 307 cucurrit
1489 300 1498 312 ‚
1520 280 1539 309 fi
1551 279 1611 318 post
1622 279 1730 309 deficiat
1741 304 1747 313 ‚

94 318 165 348 stum
175 317 214 346 cst
223 338 231 349 ,
241 317 316 354 quod
327 317 450 356 undique
460 316 637 350 redundaret,
650 322 676 346 ἃ·
687 317 897 356 dispergeretur,
955 327 1041 346 totam
1050 318 1157 347 laudem
1165 319 1258 357 perdit
1268 338 1275 346 .
1293 317 1441 354 chrysost.
1452 319 1529 349 hom.
1543 331 1566 349 ι.
1577 321 1607 350 in
1617 321 1694 359 epist.
1717 323 1751 350 ad

94 359 130 388 fic
139 359 193 387 erit
203 356 293 397 gloria
302 358 400 386 :inimae
411 358 444 387 ad
454 367 550 396 corpus
558 378 565 384 .
579 359 664 398 Hugo
675 359 709 387 de
720 358 897 387 Prat0.Se1·m.
952 358 1111 397 Philippen-

95 404 142 428 68.
155 402 167 431 ]
186 396 259 428 Vide
268 403 359 437 Dogus
370 419 378 427 .
915 399 928 414 ⁸
950 396 1133 438 Δολσμέτραι
1141 421 1147 428 .
1168 399 1311 429 Mensores
1322 399 1485 430 fraudelcnti
1500 423 1506 434 ‚
1526 402 1545 430 ii
1555 401 1661 431 scilicet
1675 424 1682 436 ,
1702 402 1749 441 qui.

53 435 156 469 Docm
168 462 176 473 ‚
189 449 244 469 vox
256 449 344 478 graem
357 437 437 477 &oy-²¹1,
447 438 610 468 convivium
620 461 626 468 .
647 441 740 476 [Non
759 438 824 466 licet
842 439 898 467 siue
954 450 1010 468 non
1020 449 1134 468 utuntur
1153 439 1223 469 fallis
1234 442 1401 479 ponderibus
1410 464 1420 476 ,
1442 446 1469 471 ὃ(
1479 441 1610 472 mensuris
1622 465 1629 476 ,
1651 442 1698 472 sed
1709 454 1749 471 in—

95 480 378 518 Enistonobnptimre
388 473 457 512 sne<
467 479 564 510 offerre
575 503 581 512 ,
604 490 691 519 neque
701 477 811 508 doc-hen
827 480 896 508 cele·
953 480 1088 518 geniofius
1099 485 1126 510 ὃ(
1137 481 1248 510 astutius
1258 482 1352 521 digitis
1362 483 1485 512 ludendo
1497 483 1622 512 furantur
1633 505 1643 517 ,
1654 484 1748 512 censu-

93 504 170 549 δὲῃ-ε
180 542 187 549 ,
196 506 242 551 s1n
252 522 330 560 cpjss,
356 532 397 549 ιο.
416 522 452 549 D.
464 521 566 560 Ignatii
576 523 657 549 Mart.
669 522 680 552 ]
693 519 751 549 Ubi
762 520 852 558 agitur
864 521 897 549 de
953 530 981 548 ra
992 521 1195 550 afficiebantur.
1209 523 1446 553 Aiiet01›c0nstit.
1457 525 1503 553 lib.
1518 535 1544 560 4.
1556 535 1578 552 c.
1589 530 1616 554 6.

912 560 1003 589 Domi
1016 583 1023 594 ‚
1034 561 1115 597 δῶμα
1126 584 1133 595 ,
1144 563 1245 591 ῑεὲὶιιπι
1255 564 1366 602 planum
1377 564 1526 593 secundum
1535 565 1729 594 Orientalium
1740 589 1747 599 ,

951 605 977 629 δε
989 602 1173 631 Melitenlium
1184 602 1274 632 usum.
1284 610 1296 639 [
1308 606 1398 634 Doma
1411 606 1440 634 in
1448 605 1625 634 orientalibus
1635 607 1750 645 provin-

951 642 1000 669 ciis
1009 641 1097 679 ipsum
1108 643 1210 672 dicitur
1220 667 1228 678 ‚
1237 646 1311 683 quod
1322 647 1393 685 apud
1403 647 1515 675 Latinos
1526 647 1643 675 testum:
1658 647 1686 675 in
1699 649 1747 676 Ps-

951 681 1055 710 laestina
1065 683 1138 711 enim
1150 705 1157 716 ‚
1168 687 1195 713 δ(
1205 684 1352 723 AEgyth,
1362 687 1408 715 vel
1420 688 1462 715 ubi
1474 685 1571 724 scripti
1582 685 1644 715 sunt
1653 688 1746 716 divini

950 722 1033 756 libri,
1045 723 1089 751 vel
1099 724 1275 762 interpretati
1284 725 1348 755 sunt
1362 750 1370 761 ,
1380 737 1438 755 non
1450 727 1551 755 liabent
1561 727 1590 755 in
1601 728 1679 756 testis
1690 729 1747 757 cul-

950 763 1024 791 mina
1036 785 1044 796 ,
1062 762 1111 792 sed
1119 765 1230 794 domata
1241 786 1248 793 .
1271 767 1296 795 S.
1307 767 1426 796 Hieron.
1437 768 1515 806 epist.
1526 767 1558 795 :id
1570 768 1634 796 Sun.
1645 772 1672 797 3<
1683 771 1746 797 Fre-

949 804 1021 835 tel.]
1036 806 1092 833 FR-
1114 805 1321 844 [Proposuerat
1330 809 1407 836 enim
1416 808 1513 837 David
1523 807 1552 836 in
1563 807 1607 836 die
1618 809 1666 837 illa
1677 818 1746 847 ριξ-

948 844 1044 877 mium,
1055 845 1101 883 qui
1112 846 1277 883 percussisset
1288 848 1440 885 Jebusaeum
1451 870 1460 881 ‚
1471 852 1499 878 δε
1512 848 1643 887 tetigisset
1653 850 1748 878 domi-

948 893 1007 913 tum
1037 885 1173 915 stulasffl.
1187 899 1212 916 2.
1226 890 1297 927 Reg.
1307 899 1364 928 cap.
1379 899 1403 924 5.
1415 894 1442 918 n.
1456 894 1480 918 8.
1492 892 1504 921 ]
1527 889 1615 918 ubific
1624 890 1746 927 Dionys.

945 926 1015 954 Cart
1039 925 1076 954 us.
1089 935 1138 954 art.
1153 933 1177 955 8.
1187 929 1278 956 Doma
1288 940 1402 958 vocatur
1412 931 1530 961 restum3
1554 929 1642 959 fistula
1653 941 1744 961 autem

946 967 1050 1000 canale,
1060 976 1108 1004 per
1119 968 1194 1005 quod
1205 968 1346 998 stillicidia
1354 970 1498 1004 fluunt‚seu
1510 981 1585 1009 aqum
1595 971 1704 1004 dustus]
1717 977 1745 1002 ὃς

945 1006 974 1034 in
982 1007 1060 1037 ΕΜΓ.
1070 1018 1094 1034 c.
1108 1012 1132 1035 8.
1143 1019 1216 1036 num.
1232 1016 1275 1038 16.
1290 1016 1302 1045 [
1317 1013 1502 1050 Feceruntque
1513 1011 1559 1040 libi
1571 1011 1744 1042 tabernacula

945 1047 1131 1086 unusquisque
1141 1049 1172 1076 in
1190 1050 1300 1078 domate
1310 1050 1358 1079 suo
1368 1053 1398 1082 .]
1419 1055 1459 1080 Ex
1472 1062 1526 1090 quo
1535 1052 1681 1091 colligitur
1688 1059 1745 1082 DJ-

943 1097 1022 1116 mata
1032 1087 1106 1117 fuisse
1118 1090 1198 1127 plana
1210 1091 1287 1118 tetsta-
1298 1092 1335 1120 ibi
1344 1092 1420 1120 enim
1430 1093 1574 1121 commode
1587 1094 1743 1122 tabernacu-

944 1128 969 1156 la
979 1129 1152 1167 erigebantur
1160 1151 1168 1158 .
1187 1129 1280 1160 Gloss'a
1291 1142 1384 1161 tamen
1394 1132 1421 1161 in
1432 1144 1490 1161 can.
1501 1132 1564 1162 satis
1576 1133 1722 1163 evidenter
1734 1157 1742 1169 ‚

942 1168 1003 1196 dist.
1015 1174 1064 1206 98.
1073 1169 1170 1209 inepte
1181 1171 1244 1199 facit
1255 1172 1441 1202 differentiam
1451 1174 1524 1202 inter
1534 1179 1680 1212 Dogmta&
1690 1180 1742 1203 Do-

941 1220 989 1237 ma
999 1231 1007 1242 ‚
1020 1211 1147 1248 inquiens
1159 1223 1165 1239 .-
1180 1213 1312 1252 [Dogma
1321 1224 1412 1242 autem
1423 1225 1470 1253 per
1484 1236 1492 1247 ,
1511 1225 1531 1254 g
1541 1236 1549 1247 ,
1569 1215 1608 1243 est
1617 1215 1744 1245 doitrina

940 1249 968 1278 in
980 1250 1034 1278 fide
1046 1261 1053 1281 ;
1067 1251 1125 1279 fine
1135 1274 1143 1286 ‚
1155 1263 1174 1292 g
1184 1275 1192 1286 ,
1205 1253 1242 1281 est
1252 1255 1365 1293 angulus
1375 1277 1383 1288 ‚
1394 1255 1467 1284 unde
1477 1255 1546 1284 illud
1556 1277 1564 1288 ,
1587 1257 1700 1285 Sedelnt
1713 1258 1742 1286 in

939 1290 1047 1319 domate
1057 1293 1152 1321 domus
1163 1303 1210 1329 75.
1222 1304 1267 1332 qu.
1281 1306 1307 1323 ι..
1319 1307 1375 1323 can.
1387 1295 1406 1324 si
1417 1296 1478 1334 quis
1488 1316 1496 1323 .
1507 1297 1519 1327 ]
1532 1296 1583 1325 Sed
1593 1307 1683 1325 canon
1694 1298 1743 1326 ilie

885 1323 893 1597 Ι
938 1341 951 1358 a
964 1331 1057 1360 Glofliz
1067 1333 1161 1361 cintus
1170 1333 1223 1362 hoc
1237 1344 1342 1364 tantum
1352 1338 1390 1364 ait
1401 1358 1408 1369 ,
1419 1346 1526 1375 nempe:
1542 1343 1554 1371 [
1567 1338 1592 1365 Si
1605 1339 1664 1376 quis
1675 1338 1741 1377 dog.

434 34 551 97 Do

95 562 210 601 Agapis,
220 564 254 592 de
264 562 357 600 quibus
366 561 414 589 suo
423 562 486 590 loco
496 562 599 590 diftum
611 561 650 590 est
659 581 666 588 .

53 603 216 632 Domini-is
229 625 236 637 ,
249 606 306 632 PR.
316 612 392 640 :ipius
410 603 444 630 ad
453 601 607 631 doeendum
621 622 627 630 .
647 607 660 636 [
675 601 720 629 Ad
730 600 893 640 Theologiae

92 643 269 681 profeslionis
279 643 395 671 studium
404 643 510 681 aliquot
519 642 651 671 docibiles
663 641 894 670 destinentur-lib.

95 693 120 718 ς.
131 684 260 713 decretal.
270 685 317 712 tit.
332 694 356 718 5.
369 692 426 720 etp.
437 683 537 711 ultimo
546 702 554 710 .
896 689 898 691 ’

53 725 273 760 Docrimquus
284 745 292 756 ,
304 725 359 752 FR.
370 723 450 752 docte
461 725 575 762 loquens
585 745 591 751 .
603 729 616 758 [
629 722 766 758 Quamdiu
777 722 893 761 vestigia

91 765 235 803 dictiloqui
245 764 321 793 Pauli
342 763 462 792 fideliter
471 764 893 797 tenuistis,Humbertssccam·.

91 804 120 832 in
130 808 241 843 Appen.
251 814 321 834 tom.
346 814 356 831 1
367 814 390 831 1.
400 805 514 833 Baronii
531 806 577 833 tit.
595 806 626 834 in
637 803 893 843 marg-‘confutatio

91 845 255 882 objeciionis
267 846 301 874 de
312 844 408 873 azimis
417 865 424 871 .
435 845 462 875 §-
472 845 601 880 Quandiu
609 865 617 873 .

48 885 176 916 Dec-101<
187 907 194 914 .
207 886 281 915 Vide
291 886 496 914 Baccalaureus
507 906 514 912 .
527 890 659 924 Catigera
670 905 677 913 .
694 886 802 914 Dostor
814 887 892 923 Apo-

89 926 152 955 stoli
163 928 223 965 quis
233 927 372 956 dicebatur
381 947 388 953 .
400 926 473 954 Vide
484 927 622 964 Apostolus
634 947 641 954 .
655 927 764 955 Dot‘tor
775 927 890 954 audien-

89 967 159 995 tium
171 988 178 995 .
189 968 263 997 Vide
272 968 462 996 Audientium
474 969 588 1003 Βοίὶον,
601 968 710 996 DoCtor
718 966 784 1002 juris
793 987 800 994 .
816 966 890 994 Vide

89 1011 220 1035 Nomicus
231 1029 239 1040 ‚
258 1008 364 1036 Dostor
372 1007 577 1036 oecumenicus
587 1029 594 1040 ‚
607 1007 675 1036 idest
685 1007 888 1037 Contionator.

91 1047 164 1075 Vide
174 1051 371 1076 Oecumenicus
381 1067 388 1073 .
412 1048 520 1075 Dostor
530 1047 688 1076 divinitatis
698 1069 704 1076 .
718 1048 790 1076 Vide
804 1048 887 1077 Theo-

87 1088 161 1125 logus
173 1108 180 1115 .
189 1088 297 1116 Doctor
306 1088 421 1122 Lybicus
431 1107 438 1114 .
451 1089 506 1116 PR.
517 1088 555 1116 D.
569 1089 737 1127 Augustinus
748 1088 886 1127 intelligi-

87 1137 132 1155 tur
151 1134 165 1163 [
175 1129 326 1157 Βοξὶοτειη
337 1127 470 1163 Libycum
478 1126 591 1157 asseritis
602 1128 699 1157 sublata
711 1140 724 1157 a
734 1128 761 1156 se
771 1129 886 1168 pyripo-

88 1178 129 1197 ma
137 1168 241 1198 flcviss‘e
251 1189 258 1196 .
270 1168 411 1197 Ennodius
421 1168 550 1196 Ticznen.
561 1169 650 1207 Epist.
660 1170 737 1207 epist.
749 1181 775 1204 4·

45 1208 237 1242 Dec-somus,
247 1209 342 1245 adjeft.
357 1218 460 1236 nomen
473 1209 642 1238 doctoralem
653 1220 711 1239 rem
721 1209 884 1248 significans.

88 1251 180 1284 [Non
197 1260 264 1288 ergo
276 1249 318 1277 illi
338 1249 494 1277 doctorium
511 1250 657 1288 cupierunt
680 1249 825 1278 honoremi
838 1251 883 1279 sed

84 1290 203 1318 doftorii
213 1290 305 1328 operis
317 1291 420 1318 lucrum
431 1309 438 1317 .
450 1290 488 1318 D.
500 1290 719 1326 Chrysostomus
729 1313 737 1323 ‚
747 1289 823 1319 hom.
834 1303 882 1328 44.

83 1330 115 1359 in
127 1340 182 1368 cap.
196 1342 241 1359 22.
252 1331 354 1359 Matth.

42 1370 207 1400 Doctum
219 1393 227 1404 ‚
248 1370 296 1400 sub
303 1371 380 1401 laetis
390 1369 548 1410 metaphora
558 1392 566 1399 .
580 1372 654 1401 Vide
663 1372 823 1410 Pantologia
835 1393 841 1400 .

42 1411 259 1441 Documsrusi
271 1433 279 1444 ‚
288 1413 344 1441 PR.
355 1413 573 1441 Instrumentum
585 1435 592 1445 ,
614 1411 745 1451 scriptum
757 1435 763 1445 ,
776 1413 883 1441 attesti-

84 1453 133 1480 tio.
147 1454 343 1489 [Documenta
353 1474 361 1486 ‚
373 1453 466 1491 quibus
478 1453 602 1482 Ecclefiae
614 1452 739 1492 pofl'eflio
751 1454 881 1482 firmatur.
900 1478 903 1480 r

85 1503 143 1520 can.
154 1494 180 1522 Si
190 1493 261 1531 quis,
270 1494 305 1522 de
312 1494 418 1523 clericis
434 1505 443 1522 1
452 1506 478 1523 z.
487 1494 612 1532 quaest.2.
625 1493 769 1531 Quidquid
781 1503 828 1532 per
839 1496 881 1523 :zb-

85 1531 203 1561 sentiam
222 1533 454 1563 documentorum
463 1535 555 1563 damni
574 1534 699 1564 Eccleliae
711 1535 818 1562 illu-um
829 1535 861 1563 lit
874 1558 881 1569 ‚

84 1573 184 1601 ibidem
195 1594 203 1601 .

43 1614 153 1642 Doem
165 1610 258 1651 sssmx
268 1635 275 1641 .
294 1616 354 1644 PR.
364 1615 433 1644 idest
444 1616 537 1655 regula
550 1627 556 1644 :
579 1615 694 1646 Ecclesia
713 1615 789 1644 enim
799 1617 880 1645 variis

940 1381 1011 1404 mata
1020 1395 1028 1406 ,
1036 1374 1162 1403 m2ndata
1171 1396 1179 1408 ‚
1199 1376 1346 1404 interdifta
1356 1381 1408 1406 &c-
1420 1379 1432 1408 ]
1453 1381 1480 1406 δε
1495 1377 1568 1406 nihil
1576 1378 1611 1406 de
1622 1383 1740 1407 Domnte

939 1413 1005 1451 agit>
1016 1414 1083 1442 bene
1094 1424 1184 1444 tamen
1194 1417 1275 1444 verba
1284 1417 1333 1445 illa
1341 1417 1403 1446 sunt
1414 1419 1545 1446 Proverb.
1555 1428 1612 1456 cap.
1624 1430 1740 1455 ²1-1¹·9·

937 1463 995 1491 cap.
1007 1465 1020 1482 ι.
1029 1465 1052 1490 5.
1064 1464 1138 1484 uum.
1155 1468 1200 1492 24.
1213 1461 1240 1486 &-
1252 1458 1282 1485 in
1292 1468 1410 1496 utroque
1419 1459 1506 1497 capite
1516 1458 1637 1487 habetur
1656 1466 1667 1494 [
1680 1462 1740 1488 Me-

938 1493 990 1522 lius
1001 1496 1039 1523 est
1048 1494 1141 1525 sedere
1154 1497 1185 1525 in
1194 1498 1296 1537 angulo
1305 1499 1422 1527 domatis
1431 1521 1438 1531 ,
1459 1509 1539 1538 quam
1549 1509 1611 1527 cum
1621 1500 1739 1528 muliere

936 1534 1096 1574 litigiosa‚]
1119 1538 1138 1567 fi
1149 1537 1224 1566 euim
1235 1538 1352 1567 insensu
1374 1539 1537 1568 Gloss‘atoris
1554 1545 1739 1579 Domaangu-

935 1575 991 1604 lum
1005 1577 1170 1616 significaret
1184 1579 1244 1610 ,ubi
1256 1579 1285 1607 in
1296 1581 1451 1608 Proverbiis
1461 1580 1499 1609 ait
1511 1602 1518 1613 ‚
1538 1586 1571 1609 In
1583 1582 1684 1618 angulo
1693 1583 1738 1610 do-

938 1620 1025 1645 matis
1035 1640 1042 1651 ‚
1051 1617 1143 1647 sensus
1156 1620 1220 1647 effer
1230 1621 1259 1647 in
1271 1621 1374 1659 angulo
1385 1621 1479 1660 anguli
1492 1644 1497 1653 ,.
1510 1630 1590 1659 atque
1604 1622 1675 1649 idem
1685 1627 1696 1655 (
1707 1633 1739 1651 ut

84 1654 241 1683 nominibus
251 1655 327 1684 nobis
347 1657 453 1695 regulas
462 1657 543 1685 tradit
554 1678 562 1689 ,
585 1657 737 1696 aliquando
747 1667 788 1685 eas
798 1667 879 1686 cano-

81 1705 129 1722 nes
140 1705 221 1724 vocat
231 1715 238 1722 .
257 1696 330 1724 Vide
341 1700 436 1725 Canon
447 1718 455 1729 ,
473 1701 500 1726 ἀ
511 1696 552 1725 hae
562 1696 626 1726 sunt
637 1698 738 1736 regulae
751 1708 764 1726 a
775 1698 879 1727 Conci-

82 1734 126 1763 liis
137 1734 259 1764 sancitae.
269 1737 432 1775 Aliquando
442 1742 564 1768 Decreta
572 1738 730 1776 appellat,&
741 1748 805 1767 tunc
814 1737 877 1767 sunt

80 1775 182 1813 regulae
201 1787 215 1804 a
226 1777 406 1806 Pontificibus
425 1788 485 1806 cuin
505 1778 700 1807 cardinalium
717 1779 878 1809 consistorio

80 1815 205 1844 stabilita:
216 1837 223 1844 .
239 1817 398 1855 Aliquando
408 1817 471 1846 sunt
481 1820 640 1848 Deera-tales
650 1820 767 1857 epistole,
777 1823 805 1849 &
814 1819 877 1849 sunt

80 1856 271 1889 ordinationes
292 1857 377 1887 solius
385 1860 465 1898 Papae
477 1880 485 1887 .
508 1861 579 1888 Item
588 1861 763 1888 Mandatum
773 1861 877 1889 dicitur

81 1897 172 1934 regula
184 1896 253 1926 circa
264 1907 353 1927 mores
363 1910 531 1929 concernens
540 1921 547 1928 .
560 1902 748 1929 Interdic‘lum
758 1911 826 1930 vero
835 1903 876 1931 di-

79 1937 154 1970 citur
165 1959 172 1970 ‚
182 1938 226 1966 ubi
238 1949 297 1967 nou
308 1940 345 1968 est
358 1950 441 1978 poena
450 1940 568 1980 exprefl'a
577 1961 584 1968 .
596 1944 705 1970 Sanc'h'o
716 1942 753 1970 est
763 1944 856 1982 regula
868 1965 876 1977 ‚

935 1660 1033 1693 ajunt)
1054 1669 1103 1697 per
1114 1660 1188 1688 idem
1199 1660 1336 1688 diceretur
1346 1682 1352 1688 .
1376 1664 1416 1690 At
1430 1661 1517 1700 qualis
1527 1662 1738 1691 Mithemancm

934 1708 1054 1737 unquam
1064 1700 1184 1733 invenit,
1195 1711 1239 1728 :uit
1249 1700 1394 1740 affignavit
1406 1701 1479 1730 hunc
1490 1703 1584 1741 anguli
1594 1704 1737 1742 angulum?

935 1738 1030 1768 Sensus
1040 1750 1107 1779 ergo
1123 1745 1164 1774 ,ὃς
1175 1740 1275 1779 phrafis
1285 1744 1368 1771 Sacrae
1380 1743 1524 1781 Scripturae
1537 1743 1586 1776 est,
1596 1744 1671 1782 quod
1683 1754 1739 1772 me-

935 1780 987 1807 lius
999 1781 1030 1809 fit
1041 1780 1161 1809 habitare
1173 1792 1248 1810 extra
1258 1782 1371 1811 domum
1383 1806 1391 1816 ‚
1410 1793 1490 1822 quam
1500 1793 1561 1812 cum
1571 1784 1686 1813 muliere
1697 1785 1735 1813 ri-

933 1820 1015 1849 xosa:
1036 1821 1104 1850 hinc
1114 1821 1197 1850 sumit
1209 1824 1275 1851 tefti
1285 1825 1415 1862 angulum
1426 1824 1559 1862 figurate5
1583 1835 1647 1853 nam
1657 1835 1735 1854 extra

933 1861 1047 1890 domum
1057 1863 1112 1891 est.
1134 1864 1254 1892 Videtur
1266 1874 1356 1893 tamen
1365 1865 1514 1904 aliquando
1525 1865 1608 1894 etiam
1618 1876 1667 1904 pro
1678 1877 1735 1894 non

933 1902 1017 1941 plano
1026 1904 1110 1933 πεὲξέυ
1123 1903 1244 1942 usurp-iri
1254 1926 1262 1938 ‚
1284 1915 1314 1933 ut
1331 1916 1363 1934 ex
1382 1905 1509 1945 sequenti
1528 1915 1607 1935 textu
1625 1906 1713 1945 liquet
1727 1919 1733 1934 ;

935 1949 946 1978 [
959 1943 1093 1972 Plumbeis
1103 1945 1188 1983 igitur
1197 1946 1350 1974 domatibus
1361 1946 1435 1974 illam
1448 1954 1533 1976 totam
1543 1948 1633 1984 (idest
1643 1949 1735 1976 Eccle-

79 1977 122 2005 cui
132 1973 330 2018 :idditurpoena
340 2001 347 2008 .
357 1982 481 2010 'landem
490 1987 596 2020 Dogma
605 2004 613 2015 ‚
623 1982 662 2010 est
672 1982 701 2011 id
714 2005 720 2016 ,
730 1983 805 2021 quod
814 1983 877 2023 spe-
924 1984 1001 2021 fiam
1009 1987 1022 2016 )
1031 1994 1093 2013 cum
1103 1985 1194 2017 titulo,
1204 1990 1232 2015 δ(
1245 1996 1358 2025 utraque
1369 1987 1488 2025 porticu.
1500 1997 1530 2016 ac
1540 1988 1674 2017 vestibulo
1685 1989 1735 2017 de-

78 2018 128 2046 dat
139 2019 172 2047 ad
188 2019 286 2048 fidem:
299 2020 430 2050 itaG'offi
440 2023 469 2051 in
480 2033 537 2051 crin.
547 2033 643 2051 omnes
662 2023 725 2052 dist.
738 2034 764 2061 3.

36 2057 231 2089 Domini-Lo.
244 2062 300 2090 PR.
312 2061 448 2091 doctrinas
458 2064 558 2092 condo.
570 2065 700 2100 [Contra
712 2064 824 2092 fizatrum
833 2076 875 2094 re-

75 2100 169 2137 gulam
188 2102 383 2139 praediftorum
395 2103 582 2143 dogmatizare
595 2125 602 2137 ,
623 2103 740 2133 scribere
750 2127 757 2138 ,
769 2105 815 2133 seu
826 2106 874 2135 de—

931 2035 1027 2054 center
1037 2026 1163 2063 operiens
1173 2047 1180 2053 .
1191 2026 1301 2055 Chi-on.
1312 2028 1405 2056 Calin.
1418 2027 1464 2056 lib.
1473 2038 1502 2066 3.
1511 2038 1569 2067 cap.
1580 2039 1628 2065 29.
1638 2030 1651 2060 ]
1663 2029 1731 2065 Quse

929 2066 990 2094 loca
1000 2077 1060 2094 non
1079 2067 1173 2094 omnia
1183 2064 1283 2095 tectum
1303 2067 1414 2105 planum
1422 2067 1541 2098 habuiffe
1561 2069 1732 2099 credendum

928 2106 966 2135 est
977 2127 985 2134 .
997 2110 1058 2142 Ejus
1070 2108 1264 2142 Synonymuui
1276 2128 1283 2135 .
1305 2108 1380 2137 Vide
1389 2113 1552 2148 Cymatium
1563 2130 1570 2138 .

76 2141 228 2169 terminare
239 2163 247 2174 ,
270 2143 420 2180 praedicare
429 2148 481 2173 διε.
500 2146 535 2173 In
544 2154 651 2173 extrav.
674 2146 719 2183 Jo.
735 2147 829 2175 XXII.
839 2147 874 2176 de
885 2146 1085 2177 Domsncus
1097 2169 1105 2180 ‚
1124 2148 1352 2187 latinograecum
1372 2150 1465 2178 vocab.
1479 2147 1653 2187 Δομέςικοςε
1667 2152 1731 2180 effi<

75 2180 181 2209 verbor.
194 2182 284 2221 fignif.
295 2193 352 2222 cap.
367 2195 393 2212 2.
404 2185 416 2216 ]
426 2185 487 2214 Ubi
494 2185 587 2215 Glossb.
597 2186 666 2214 male
674 2187 874 2225 interpretatur

73 2219 226 2258 significare
249 2224 302 2252 hoc
314 2225 427 2253 verbum
448 2225 542 2255 falsam
562 2226 718 2254 doerinam
733 2227 854 2257 condere
864 2241 871 2260 ς

71 2270 136 2288 nam
145 2261 164 2290 fi
175 2262 212 2291 ita
222 2262 285 2292 esset
295 2286 303 2298 ‚
316 2265 411 2294 frustra
421 2276 571 2305 poneretur
579 2267 739 2305 praepolitio
751 2273 856 2298 Contra
865 2291 872 2298 .

71 2301 147 2330 Vide
156 2307 316 2342 peregrinor
327 2326 334 2333 .

25 2337 134 2371 Decus
148 2364 156 2376 ,
176 2345 293 2379 canalis,
315 2346 558 2386 seu-aquaedufius.
580 2354 597 2384 1*
609 2348 696 2378 Fosshs
717 2350 747 2378 in
757 2349 873 2380 circuitu

68 2382 188 2414 Balilicae
201 2385 262 2416 fieri
269 2386 346 2423 juffit
358 2409 366 2421 ‚
389 2399 426 2419 ne
437 2389 508 2419 forte
517 2389 598 2429 dogis
619 2391 735 2419 occultis
744 2390 868 2432 lympha:

928 2188 1002 2217 cium
1014 2189 1041 2216 in
1053 2189 1125 2217 Eccl.
1136 2189 1355 2229 Constantinop.
1367 2190 1451 2229 qui&
1462 2192 1644 2229 Protopsaltes
1658 2213 1665 2225 ‚
1689 2192 1730 2219 id-

926 2228 1101 2267 est‚superior
1109 2239 1251 2258 cantorum
1261 2229 1445 2264 dicebatun‚:id
1455 2241 1536 2271 quem
1546 2229 1679 2271 spectabat
1692 2242 1731 2260 in.

927 2280 1022 2299 tonare
1032 2270 1065 2299 ad
1076 2270 1200 2298 officium
1212 2271 1369 2310 vigiliarum
1388 2272 1436 2301 illa
1455 2273 1535 2302 verba
1552 2270 1646 2310 ]Εὑλῦ)
1653 2283 1709 2301 nom
1724 2297 1730 2309 ‚

927 2314 1072 2342 Δεσποτα
1083 2332 1090 2344 ,
1103 2311 1169 2339 idest
1183 2333 1190 2344 ‚
1212 2313 1333 2341 Benedcc
1342 2316 1460 2342 Domine
1471 2328 1479 2342 .·
1501 2313 1574 2342 idem
1585 2313 1667 2341 etiam
1680 2322 1730 2350 po-

926 2353 1065 2387 lycronon
1076 2352 1262 2391 inaugurabat,
1273 2353 1307 2381 de
1318 2364 1374 2392 quo
1382 2354 1488 2383 inditi.
1498 2354 1674 2393 Pt‹lychr0n0n
1685 2353 1730 2381 di-

925 2403 1022 2427 cetur,
1043 2392 1090 2431 qui
1100 2393 1256 2423 Domestici
1265 2404 1342 2423 erant
1354 2395 1469 2433 triplicis
1477 2392 1579 2433 speciei
1590 2413 1597 2420 .
1621 2393 1727 2422 Primus

1609 2444 1683 2462 crum
