1866 2526
468 31 578 76 Co

1208 29 1248 70 C
1277 29 1318 70 O
1604 41 1686 80 2¹7

117 96 273 128 observans
283 92 383 126 namin
393 92 487 122 medio
497 101 554 130 ejus
562 101 610 120 acu
619 88 740 131 pingunt
753 87 899 120 calvarium
914 88 1093 120 convomit
1114 87 1232 117 Pes-rum
1241 108 1251 120 ‚
1272 86 1308 116 fic
1329 84 1493 124 appellatum
1513 85 1564 114 fuit
1576 86 1671 115 festum
1679 87 1741 114 cor-⁴

119 147 243 168 montem
253 158 262 170 ,
283 146 345 165 cum
353 145 431 164 cruce
439 132 607 172 superposita
616 153 625 166 ,
636 135 665 161 &
673 131 763 162 subtus
775 139 898 160 montem

118 178 262 209 Christum
278 176 404 216 effigiant
424 184 563 204 mortuum
572 176 710 210 jacentem
721 173 839 212 Angelis
847 181 898 200 cir-

118 218 273 249 cumdatum
284 239 293 251 ‚
304 227 385 255 atque
394 218 422 245 in
434 226 550 255 quatuor
560 215 710 253 corporalis
719 214 825 253 angulis
835 222 898 252 qua-

119 270 182 289 tuor
190 259 239 288 illa
248 258 376 287 animalia
387 256 624 296 Evangelistarum
635 253 758 291 symbola
769 255 896 286 formant,

116 301 198 339 eique
207 299 347 338 applicant
356 297 460 327 bursam
471 319 480 331 ‚
501 298 531 326 in
541 307 593 335 qua
603 297 731 335 reliquias
741 296 897 324 Sanctorum

116 342 269 376 Martyrum
281 339 427 368 includunt
437 360 445 371 ‚
468 337 619 377 sigillisque
630 359 638 370 ‚
661 336 790 367 mastiche
801 357 808 369 ‚
818 345 844 363 ac
855 344 896 363 ce-

115 391 142 410 ra
150 381 300 410 occludunt
311 400 318 407 .
340 380 480 408 Mundum
502 378 564 407 dixi
585 378 684 407 debere
694 377 744 407 ess‘e
755 375 897 415 corporale

113 432 208 451 contra
217 420 457 449 ecclesiasticorum
471 419 660 448 ministrorum
678 417 876 456 negligentiam
889 437 896 447 ,

113 462 160 502 qui
169 462 280 491 sordida
289 461 441 499 corporalia
450 460 483 488 ad
493 460 683 489 celebrandum
693 458 895 497 praebent5c0n-

112 512 156 532 tra
165 513 232 542 quos
244 503 277 532 sic
289 504 383 531 Petrus
394 500 543 530 Damianus
553 499 715 528 invehitur:
740 504 752 533 [
764 499 798 526 In
807 497 896 536 squal-

113 544 172 572 lido
183 544 270 572 linteo
280 542 450 571 dominicum
459 551 556 579 corpus
565 540 723 572 offerunt,&
733 538 883 566 involvunt

111 588 140 614 ἃ.
152 584 227 623 quod
238 595 295 612 non
306 583 468 621 dignaretur
481 586 578 620 potens
589 580 704 620 quilibet
716 601 724 612 ‚
748 579 793 617 qui
803 588 894 606 tamen

113 625 212 653 vermis
225 624 261 653 est
272 646 280 657 ,
304 623 422 661 propriis
431 621 561 651 adhibere
571 620 646 650 labiis
659 643 666 654 ‚
679 620 708 648 iri
718 619 770 647 hoc
782 619 826 648 isti
836 627 895 647 cor-

111 675 160 704 pus
171 676 227 694 non
238 673 366 693 verentur
376 664 518 701 imponere
541 659 834 697 Salvatorierpusc.
848 666 893 688 26.

109 716 133 734 c.
148 707 194 737 1.]
219 709 310 743 Atque
322 704 473 736 Alcuinus‚
495 704 547 732 loc.
568 703 614 731 cit.
636 700 799 730 munditiam
812 701 894 728 intel·-

110 743 351 775 namCelebrantis
361 743 484 772 indicare
496 744 628 772 mundum
638 740 780 780 corporale
789 742 893 773 astruit,

109 786 251 825 inquiens:
267 786 331 821 [Ita
344 794 413 823 ergo
423 805 430 817 ‚
453 786 500 823 qui
521 794 618 822 corpus
632 782 739 812 Christi
752 792 781 810 in
792 781 818 810 se
828 782 891 811 reci-

110 837 174 865 pcre
183 826 327 857 desiderat,
339 835 386 863 per
397 825 496 853 multos
507 826 644 854 bonorum
656 833 771 862 operum
781 823 892 854 labores,

107 871 135 896 &
147 877 195 906 per
203 868 356 897 castitatem
367 867 467 894 mentis
497 871 525 895 δε
536 865 659 903 corporis
668 865 750 893 debet
760 863 788 892 se
798 863 894 892 redd'e-

106 918 136 936 re
147 908 277 937 mundum
288 930 295 941 ‚
307 912 333 935 &
344 907 489 935 candidum
499 909 529 938 .]
545 907 582 935 Hi
593 916 660 944 ergo
669 927 677 938 ‚
689 905 735 943 qui
746 904 894 932 immundis

106 958 221 977 utuntur
231 949 414 987 corporalibus
426 969 433 980 ,
455 945 602 976 secundum
613 947 765 975 Doctorum
784 944 893 983 opinio-

108 1000 171 1018 nem
184 1011 190 1022 ,
204 1000 262 1018 nori
272 988 432 1017 excusintur
446 999 458 1016 a
471 989 580 1016 mortali
594 1008 601 1019 ,
626 987 645 1016 si
657 985 893 1014 immunditiaerit

109 1030 236 1058 notabilis
246 1050 253 1057 .
277 1030 399 1059 Tandem
410 1029 490 1057 debet
501 1028 642 1067 corporale
660 1026 785 1055 benedici
795 1026 824 1054 ab
846 1025 894 1053 ha-

106 1070 189 1098 bente
201 1070 354 1099 facultatem
368 1091 375 1097 .
399 1069 481 1104 Quod
493 1079 585 1098 tamen
604 1068 675 1096 inter
694 1070 806 1096 Graecos
823 1065 893 1095 solus

109 1109 257 1150 Episcopus
269 1111 337 1139 illud
345 1111 484 1139 benedicit
496 1132 503 1143 ,
514 1109 655 1138 consecr-it
665 1131 673 1142 ‚
685 1108 833 1136 chrismate
843 1117 889 1135 un-

106 1153 150 1190 git
162 1174 168 1184 ‚
178 1161 258 1191 atque
267 1151 332 1180 alias
341 1151 517 1180 caeremonias
529 1151 592 1179 facit
603 1171 610 1178 .
624 1149 787 1187 Antiquitus
797 1158 891 1186 corpo-

107 1193 161 1220 rale
173 1196 280 1228 majoris
290 1192 444 1220 latitudinis
454 1201 509 1219 erat
522 1203 529 1222 5
554 1189 718 1219 inserviebat
742 1189 817 1218 enim
835 1191 890 1223 ejus

105 1234 266 1261 extremitas
274 1233 306 1260 :id
315 1232 528 1270 cooperiendum
541 1231 653 1259 calicem
665 1252 672 1263 ,
684 1240 713 1258 ut
724 1229 809 1258 adhuc
821 1230 890 1257 Car-

106 1273 225 1301 thufiani
235 1272 384 1301 observant
394 1292 402 1299 .
426 1272 521 1300 Hodie
532 1281 625 1300 tamen
634 1271 666 1299 ad
676 1271 789 1309 periculi
803 1280 889 1298 caute-

105 1313 160 1341 lam
172 1335 178 1346 ,
189 1313 346 1342 adhibemus
356 1313 485 1351 exiguum
498 1312 638 1351 corpomle
650 1334 658 1345 ,
668 1312 743 1350 quod
753 1312 834 1350 palla,
846 1310 891 1338 seu

106 1363 240 1382 animetta
251 1355 353 1382 dicitur
365 1375 371 1381 .
395 1353 468 1382 Vide
491 1357 663 1383 Animata.
687 1353 784 1382 Palla.
809 1352 891 1387 Quoi

108 1404 163 1423 una
176 1405 236 1423 cum
246 1396 387 1434 corporale
397 1394 570 1423 benedicitur
581 1417 588 1428 ‚
611 1403 671 1421 cum
689 1394 721 1423 fit
743 1394 891 1432 corporalis

106 1444 166 1473 pars
178 1455 184 1463 .
208 1436 371 1475 Utrumque
383 1445 449 1464 vcro
458 1446 472 1465 a
484 1435 557 1464 laicis
569 1445 645 1473 tangi
661 1446 716 1463 non
727 1434 807 1462 debet
817 1455 824 1467 ,
838 1434 893 1462 line

109 1477 215 1513 peccati
227 1479 351 1504 mortalis
360 1475 505 1514 scrupulo,
529 1486 557 1504 ut
568 1474 707 1511 Sylvester
716 1497 724 1508 ‚
749 1475 873 1514 Angelus
885 1496 891 1506 ‚

108 1518 268 1544 Emmanuel
278 1515 312 1544 Sit
327 1539 334 1549 ‚
355 1517 473 1544 Armilla
483 1538 491 1549 ,
502 1520 528 1545 ἃ
539 1517 585 1545 alii
597 1517 713 1544 docent:
735 1515 846 1544 exclusis
857 1524 894 1542 ta-

109 1566 172 1584 men
184 1555 339 1585 neceffitate
349 1578 356 1589 ,
379 1567 406 1584 ac
418 1557 547 1585 Sacristiae
560 1557 694 1585 M'mistris
707 1565 767 1584 (um
779 1555 896 1594 privile-

107 1597 156 1635 gio
169 1618 176 1629 ,
199 1595 244 1625 seu
266 1597 416 1635 Superioris
437 1598 562 1625 licentia:
586 1597 661 1636 quod
678 1595 896 1635 intelligendum

102 1637 146 1673 2st
158 1658 165 1668 ,
189 1638 331 1675 postquam
350 1639 475 1666 Sacerdos
487 1648 520 1666 eo
538 1636 596 1666 usus
608 1638 641 1666 sit
659 1638 689 1665 in
700 1637 788 1665 Altari
801 1649 809 1668 5
834 1646 894 1664 nam

106 1678 218 1715 quando
228 1678 265 1705 est
276 1679 394 1706 lavatum
404 1700 412 1711 ,
437 1688 492 1706 non
502 1678 573 1706 adest
583 1677 719 1717 tangendi
730 1676 893 1717 scrupulum.

107 1716 224 1756 Insuper
235 1717 297 1746 sunt
309 1720 407 1757 alique
417 1728 588 1747 caerem-onix
600 1719 628 1746 in
639 1721 694 1753 ejus
705 1718 838 1756 plicatura
847 1740 855 1752 ‚
865 1721 892 1747 δι

107 1758 276 1797 explicatum
286 1758 461 1788 observandae
472 1780 478 1786 .
494 1760 558 1794 Quo
571 1759 604 1787 :td
615 1760 775 1798 plicaturam
785 1782 792 1793 ‚
803 1759 893 1798 inquit

109 1800 191 1842 Geni·
200 1799 246 1842 lib.
263 1810 286 1827 ι.
295 1811 354 1839 cap.
364 1808 411 1835 4⁶·
426 1800 602 1838 [Corporale
620 1810 680 1828 cum
692 1800 874 1839 complicatur
885 1822 892 1833 ,

109 1848 282 1883 neclinit'iunni
294 1862 302 1873 ,
324 1851 373 1869 nec
383 1841 444 1869 finis
455 1843 510 1876 ejus
521 1851 631 1879 apparet
641 1863 648 1874 ‚
660 1851 724 1879 quia
735 1841 841 1870 Christi
851 1841 893 1869 di-

109 1888 212 1907 Vlnltsss
221 1881 305 1908 initio
315 1890 386 1909 caret
397 1903 404 1914 ,
416 1885 444 1909 δε
454 1881 537 1909 finem
550 1882 699 1910 nonhabet
709 1901 716 1907 .
729 1885 741 1915 ]
756 1882 841 1911 Aliud
853 1892 892 1911 et-

108 1921 162 1950 iam
181 1920 341 1963 mysterium
359 1922 434 1949 idem
451 1921 482 1950 in
498 1921 553 1950 hoc
573 1921 695 1961 agnoscit
706 1943 715 1954 ,
747 1923 874 1961 inquiens
885 1943 891 1950 .

111 1960 218 1996 [Quod
229 1970 266 1988 ita
277 1961 373 2000 plicari
381 1962 460 1991 debet
472 1983 479 1994 ,
499 1972 529 1991 ut
541 1973 590 1991 nec
603 1964 718 1991 initium
731 1985 738 1996 ,
758 1975 808 1992 nec
831 1963 893 1992 finis

953 130 1027 169 poris
1037 128 1144 160 Christi
1155 150 1164 162 ,
1173 126 1314 157 occasione
1322 126 1397 155 illius
1408 125 1522 165 insignis
1530 125 1742 165 miraculi,quod

953 172 984 200 in
993 171 1108 210 quadam
1120 168 1236 198 Ecclesia
1245 189 1254 200 ‚
1276 178 1333 196 non
1353 165 1433 195 valde
1443 166 1562 195 distante
1571 177 1585 195 a
1598 166 1737 199 Volsinii,

952 211 998 241 seu
1010 210 1129 242 Volsinii
1141 209 1245 239 Tusciae
1255 208 1382 238 Civitate
1391 207 1537 241 acciderat,
1545 207 1581 236 de
1591 217 1646 246 quo
1656 206 1740 236 Odo-

954 253 1023 282 ricus
1033 249 1192 288 Raynaldus
1204 250 1234 278 in
1244 249 1348 279 Annal.
1358 247 1458 276 Eccles.
1468 248 1501 276 ad
1511 258 1554 276 an.
1563 259 1570 276 i
1579 255 1646 284 264.
1659 253 1737 275 n.26.

952 297 979 322 δ(
992 293 1067 332 seqq.
1076 292 1157 321 Illius
1168 314 1176 325 ‚
1188 300 1289 329 nempe
1298 311 1307 323 ‚
1326 287 1477 327 corporalis
1486 288 1620 328 sanguine
1630 286 1740 317 Christi

953 332 1088 373 conspersi
1100 354 1109 366 ‚
1129 332 1204 371 quod
1215 340 1313 370 magna
1324 329 1503 359 veneratione
1521 331 1550 357 in
1562 329 1742 358 Urbevctana

954 375 1079 404 Civitate
1087 373 1265 402 conservatur
1274 393 1283 404 ,
1293 381 1352 410 quae
1364 380 1466 409 praeter
1476 379 1586 399 caeteras
1598 368 1741 399 claritudi-

957 426 1003 444 nes
1022 437 1029 449 ‚
1057 413 1223 444 admirabilis
1241 413 1366 441 redditur
1385 411 1419 439 ob
1439 413 1572 450 templum
1591 410 1742 448 conspicuo

953 455 1127 495 frontispicio
1135 456 1297 484 adornatum
1306 476 1314 487 ‚
1337 456 1364 481 ὃς
1374 461 1486 491 ρτορῐει·
1495 452 1575 481 titum
1585 462 1679 481 natura
1690 472 1699 483 ‚
1711 453 1740 478 δι

952 507 1008 526 arte
1020 495 1269 535 inexpugnabilem,
1281 505 1310 522 :ic
1321 491 1499 522 artificiosum
1510 503 1631 531 puteum,
1642 493 1672 520 in
1683 500 1739 530 quo

951 537 1034 576 usque
1046 537 1074 565 in
1085 538 1171 565 imum
1179 539 1300 571 jumenta
1311 534 1343 563 ad
1361 532 1557 562 extrahendam
1577 543 1671 573 aquam
1690 532 1738 560 de-

951 577 969 605 s«
979 578 1085 606 endunt
1097 600 1104 610 ‚
1114 577 1209 615 quibus
1220 586 1269 614 pro
1282 573 1392 604 ascensu
1402 596 1410 608 ,
1419 573 1593 614 ‘deceusuquc
1603 573 1735 605 artificio-

949 618 976 647 se
986 641 993 652 ,
1016 619 1049 647 ad
1058 618 1198 646 evitandas
1210 616 1377 645 incursiones
1386 637 1394 648 ‚
1417 615 1519 654 duplex
1539 615 1650 644 cochlea
1668 624 1735 643 con—

949 660 1045 689 slruSta
1055 658 1189 697 reperitur
1199 678 1206 685 .
1230 658 1298 685 Haec
1309 659 1440 689 tamen&
1449 656 1502 685 alia
1511 656 1605 685 omnia
1624 656 1660 684 ibi
1668 664 1736 684 con·

947 699 1038 738 spicua
1058 710 1071 728 a
1094 698 1293 737 supernaturali
1314 697 1388 726 illius
1407 695 1566 725 sanctissimi
1587 694 1737 735 corporalis

949 741 1079 781 prodigio
1088 740 1246 777 superantur
1256 760 1264 772 ‚
1287 737 1363 778 quod
1372 736 1442 765 mihi
1450 736 1554 766 summa
1572 737 1602 766 in
1611 746 1738 766 contem-

951 782 1054 820 plando
1066 780 1180 809 felicitas
1193 779 1263 811 fuit,·
1286 788 1348 807 nam
1358 778 1513 816 Superioris
1531 777 1656 816 permifl‘u
1666 799 1674 811 ‚
1687 787 1734 806 ne-

949 824 1014 852 dum
1024 823 1071 851 diu
1085 821 1157 849 illius
1167 818 1281 848 maculas
1292 841 1299 852 ,
1322 820 1352 847 in
1362 819 1455 858 quibus
1465 817 1574 847 Christi
1587 819 1680 857 figurae
1693 828 1735 846 rc-

950 864 1059 902 plicatae
1071 861 1278 899 conspiciuntur
1291 861 1320 888 in
1331 860 1389 887 aftu
1399 863 1467 888 Ecce
1478 865 1561 887 Homo
1572 881 1580 892 ,
1590 863 1667 895 juxta
1680 859 1734 887 sor—

949 903 1124 933 mamffiostiae
1137 902 1211 930 illius
1222 900 1330 933 saeculi,
1348 899 1575 932 observaveram5
1598 899 1737 930 sedetiam

951 945 1020 974 mihi
1032 945 1139 973 licitum
1150 943 1201 971 fuit
1214 942 1348 980 quandam
1358 941 1560 970 concavitatem
1571 942 1735 979 introspice-

951 997 979 1014 re
989 1008 997 1019 ,
1007 984 1155 1024 aperiendo
1164 1006 1172 1017 ‚
1184 983 1290 1011 scilicet
1302 981 1438 1020 quoddam
1448 983 1606 1019 operculum
1619 982 1735 1011 ferreum

948 1027 1068 1055 clavibus
1078 1025 1214 1054 firmatum
1226 1045 1233 1057 ,
1243 1024 1286 1051 ubi
1298 1022 1421 1061 quaedam
1433 1023 1495 1050 telae
1509 1024 1665 1062 fragmenta
1675 1022 1736 1052 san-

948 1068 1031 1107 guine
1040 1063 1182 1104 conspersa
1192 1087 1200 1097 ,
1223 1063 1387 1093 &involuta
1407 1064 1522 1092 invent(⁴
1533 1063 1595 1092 sunt
1607 1086 1615 1097 ,
1627 1065 1659 1092 in
1667 1073 1737 1102 quo-

950 1120 1009 1138 rum
1030 1108 1121 1136 medzo
1141 1116 1219 1135 erant
1236 1105 1331 1143 aliqua:
1352 1103 1482 1132 chartulae
1510 1105 1613 1133 litteris
1640 1104 1735 1144 gothi-

946 1151 984 1178 cis
1005 1150 1075 1177 leClu
1086 1146 1244 1176 difficilibus
1254 1167 1263 1179 ‚
1287 1147 1316 1174 in
1324 1154 1437 1184 quarum
1455 1155 1507 1173 unzi
1518 1155 1575 1174 erat
1586 1144 1715 1184 scriptum
1729 1168 1736 1179 ,

950 1197 961 1226 [
973 1192 1081 1227 Corpus
1092 1187 1200 1217 Christi
1211 1185 1331 1225 sparsum
1343 1185 1394 1214 suit
1412 1185 1491 1224 super
1501 1185 1554 1214 hoc
1575 1187 1716 1225 corporale
1729 1198 1734 1215 :

947 1242 1009 1259 cum
1020 1230 1122 1258 summa
1134 1228 1282 1267 diligentia
1291 1228 1371 1256 debet
1383 1226 1513 1255 custodiri
1525 1229 1555 1259 .]
1581 1231 1614 1256 Et
1638 1229 1667 1256 in
1684 1228 1737 1256 alia

946 1272 1078 1310 scriptum
1088 1280 1145 1299 erat
1156 1291 1164 1303 ,
1189 1268 1304 1305 [Benda
1314 1290 1321 1301 ,
1344 1268 1374 1296 in
1397 1278 1447 1306 qua
1467 1267 1593 1296 involuta
1603 1268 1653 1297 suit
1676 1279 1735 1307 pars

946 1312 1070 1350 corporis
1081 1334 1088 1344 ‚
1099 1316 1126 1340 δε
1137 1311 1280 1349 corporale
1289 1319 1350 1338 cum
1360 1309 1446 1347 guttis
1459 1309 1604 1348 Sanguinis
1616 1308 1735 1342 Christi,

947 1359 974 1383 ὃ(
987 1354 1080 1392 sigui-is
1091 1374 1097 1380 .
1112 1354 1124 1383 ]
1138 1353 1205 1387 Quce
1219 1349 1298 1379 thece
1309 1360 1363 1379 erat
1377 1350 1406 1378 in
1427 1350 1525 1378 eodem
1546 1360 1663 1379 :trinario
1673 1372 1680 1383 ,
1706 1350 1736 1378 in

947 1406 1001 1433 quo
1012 1391 1200 1422 miraculosum
1210 1391 1352 1430 corporale
1366 1390 1542 1419 conservatur
1551 1413 1558 1423 ,
1572 1395 1598 1419 ὃ(
1610 1402 1666 1419 non
1677 1401 1738 1419 mo·

948 1436 1006 1464 dica
1017 1434 1183 1463 difficultate
1195 1443 1288 1471 aperta
1301 1432 1352 1461 fuit
1362 1453 1370 1465 ,
1393 1443 1441 1460 nec
1454 1431 1620 1460 mediocrem
1633 1432 1736 1471 pltriter

949 1475 1186 1505 circumstantibus
1197 1473 1407 1502 admirationem
1418 1472 1477 1501 haec
1497 1472 1673 1511 reliquiarum
1693 1472 1737 1500 in-

950 1517 1047 1545 ventio
1058 1516 1186 1545 attulerat
1198 1537 1205 1548 ,
1227 1524 1340 1554 quarum
1351 1514 1424 1542 nulla
1435 1514 1508 1542 iuter
1519 1513 1622 1542 incolas
1633 1513 1738 1542 extabat

951 1557 1064 1586 traditio
1074 1578 1080 1584 .
1093 1558 1149 1585 PR.
1162 1558 1257 1584 Fertur
1268 1555 1354 1584 simile
1365 1554 1523 1582 miraculum
1533 1553 1656 1582 accidisse
1665 1564 1738 1582 :inno

956 1609 1041 1635 1239.
1052 1599 1082 1626 in
1092 1596 1210 1635 Oppido
1222 1597 1337 1625 Darocae
1352 1594 1498 1633 Hispaniae
1510 1594 1538 1622 in
1560 1597 1662 1633 Regno
1684 1595 1737 1623 Va.

950 1638 1043 1668 lentiae
1057 1661 1064 1672 ‚
1089 1638 1122 1666 de
1143 1648 1197 1676 quo
1215 1646 1300 1676 agunt
1325 1635 1453 1670 Aloylius
1464 1638 1582 1664 Granata
1593 1635 1626 1665 de
1636 1636 1736 1664 Excel-

952 1680 1037 1708 lentia
1059 1678 1226 1716 Christianae
1249 1678 1407 1715 Religionis
1418 1697 1426 1709 ‚
1449 1675 1495 1703 lib.
1517 1687 1542 1704 2.
1553 1680 1580 1704 ἃ
1594 1676 1713 1705 Bzovius
1729 1698 1738 1709 ,

949 1731 1019 1749 tom.
1037 1731 1079 1758 ¹3·
1092 1720 1193 1748 Antial.
1205 1718 1278 1746 Eccl.
1290 1721 1318 1746 δ(
1329 1716 1444 1744 Marian.
1454 1717 1488 1744 dc
1497 1716 1552 1744 reb.
1565 1715 1644 1754 Hisp.
1667 1717 1738 1755 apud

951 1762 1044 1791 Odor.
1056 1760 1176 1795 Raynal.
1187 1759 1219 1787 ad
1230 1769 1364 1793 :in-1240.
1376 1764 1472 1786 nu.z6.
1485 1757 1557 1786 Vide
1569 1758 1739 1786 andeum.

951 1803 1015 1838 Quo
1029 1811 1095 1830 vero
1115 1802 1148 1829 :id
1158 1799 1294 1837 Corporis
1313 1798 1459 1827 Dominici
1488 1797 1603 1830 festum,
1627 1796 1738 1836 ejusque

949 1843 1152 1871 institutionem
1164 1863 1171 1874 ,
1194 1851 1240 1879 per
1259 1841 1363 1878 aliquot
1383 1848 1467 1867 annos
1488 1847 1568 1867 antea
1589 1838 1619 1866 in
1628 1838 1740 1868 dioecesi

950 1882 1116 1922 Legiouensi
1127 1905 1134 1916 ‚
1147 1884 1267 1921 Joannes
1279 1879 1467 1918 Ciapeavillus
1477 1879 1511 1906 de
1522 1889 1585 1907 vera
1597 1879 1667 1918 orig.
1678 1878 1739 1908 festi

949 1926 1037 1962 Corp.
1050 1925 1135 1952 Dom.
1146 1933 1201 1960 cap.
1217 1933 1240 1949 2.
1254 1921 1408 1949 institutum
1421 1919 1494 1948 fuiss'e
1504 1919 1588 1948 refert
1601 1939 1608 1947 .
1630 1920 1675 1948 De
1684 1919 1739 1948 hoc

949 1965 1016 1993 sesto
1027 1985 1034 1991 .
1058 1964 1131 1992 Vide
1144 1963 1320 1997 Eucharistta
1332 1981 1338 1987 .

107 2010 235 2040 appareat
245 2022 253 2034 ‚
273 2000 343 2031 'ficut
353 2012 436 2031 etiam
445 2001 580 2031 sudarium
589 2004 619 2031 in
629 2003 776 2041 sepulchro
788 2025 795 2032 .
807 2006 819 2035 ]
839 2008 891 2033 Ex·
911 2006 1090 2035 Conponite
1102 2026 1109 2038 ‚
1133 2002 1273 2042 quomodo
1283 2000 1387 2030 differat
1399 2011 1411 2028 :i
1420 1999 1578 2039 spirituale.
1596 1994 1670 2031 V‘ide
1680 2004 1741 2040 spi-¹

108 2043 227 2080 plicatur
236 2052 326 2070 autem
334 2052 398 2071 ante
407 2041 578 2072 offertorium
589 2044 621 2073 in
630 2043 705 2073 Missa
716 2044 833 2074 solemni
844 2067 852 2078 ‚
864 2045 894 2074 in

951 2046 1056 2074 rituale
1065 2065 1072 2073 .

108 2092 161 2126 qua
170 2082 311 2111 Diaconus
330 2083 400 2113 illud
409 2083 526 2122 explicat
538 2105 546 2117 ‚
567 2085 707 2123 postquam
725 2096 738 2113 a
755 2085 841 2115 choro
852 2097 894 2114 ca·
907 2087 1088 2116 conponis
1101 2085 1222 2113 CRIMEN
1235 2103 1242 2111 .
1254 2085 1310 2112 PR.
1324 2083 1441 2118 [Paulus
1450 2081 1589 2112 Deaclinae
1602 2082 1740 2112 Civitatis

108 2132 184 2159 nitur
194 2144 202 2156 ,
225 2128 263 2151 Et
272 2129 441 2153 Incnrnatus
451 2125 496 2160 ests
505 2125 538 2153 ad
548 2125 737 2153 denotandum
749 2125 892 2156 Christum

108 2162 280 2192 manifestare
299 2163 408 2202 coepisse
425 2165 523 2195 nostrae
544 2165 746 2204 redemptionis
766 2168 892 2202 mysteria

109 2203 170 2241 post
181 2203 413 2238 incarnationcm3
423 2205 602 2234 Dominicani
613 2217 680 2236 vei-0
687 2205 778 2234 solent
789 2208 818 2236 in
827 2205 894 2236 Mis-

108 2245 142 2274 sis
160 2242 325 2273 solemnibus
347 2245 484 2284 explicare
505 2248 646 2284 corporale
663 2247 723 2284 post
734 2247 876 2285 epistolam
886 2260 893 2280 ;

107 2292 227 2353 giorum
237 2285 379 2315 Diaconus
390 2286 462 2324 prius
473 2296 523 2325 pro
534 2289 690 2316 reverentia
703 2297 798 2316 manus
811 2289 892 2317 lavat.

140 2334 154 2352 e
164 2325 328 2355 miraculosis
337 2327 522 2371 corporalibus
531 2347 539 2355 .
562 2328 635 2358 Vide
655 2327 701 2357 hic
721 2327 792 2358 infra
802 2333 896 2368 Corpo-

109 2364 167 2394 mie
182 2364 285 2404 festum
296 2381 304 2396 .-

949 2124 1097 2165 Episcopus
1107 2126 1181 2154 inter
1189 2123 1239 2153 alia
1248 2124 1317 2151 mala
1328 2123 1357 2150 in
1366 2123 1504 2162 corporali
1514 2124 1631 2152 crimine
1640 2122 1739 2162 lapsus.

952 2179 978 2196 2.
990 2166 1084 2205 quaest.
1098 2177 1126 2199 7.
1137 2176 1194 2194 can.
1206 2165 1298 2195 laton]
1312 2163 1394 2200 Quod
1405 2163 1499 2193 Gloss'a
1507 2164 1681 2196 adulterium,
1693 2163 1739 2192 vel

949 2207 1082 2236 incestum
1093 2207 1303 2243 interpretatum
1324 2214 1387 2233 nam
1397 2215 1429 2233 ex
1442 2204 1559 2243 simplici
1577 2204 1740 2233 fornicatio-

949 2258 984 2276 ne
995 2246 1142 2285 Episcopus
1153 2249 1209 2281 cjus
1218 2245 1355 2283 dignitate
1366 2256 1425 2274 non
1435 2245 1569 2283 privatur.
1580 2244 1739 2275 Nihilomi-

952 2298 1000 2316 nus
1020 2287 1188 2315 contrarium
1209 2286 1264 2313 dici
1275 2286 1353 2315 debet
1365 2307 1374 2319 ‚
1396 2286 1460 2325 quia
1470 2285 1613 2315 manifeste
1633 2295 1666 2313 cx
1679 2295 1732 2313 can

950 2329 1054 2357 Paulus.
1065 2330 1116 2356 loc.
1126 2327 1173 2355 cit.
1184 2326 1284 2355 dicitur
1295 2349 1303 2360 ,
1322 2327 1396 2365 quod
1405 2337 1419 2355 :t
1427 2325 1540 2356 subditis
1549 2326 1583 2355 de
1592 2323 1666 2363 lapsu
1677 2334 1742 2353 car..

951 2369 994 2400 nis
1003 2367 1180 2401 convincitur
1189 2377 1198 2400 5
1208 2376 1277 2407 ergo
1288 2377 1336 2406 per
1345 2366 1533 2397 carnalitatem
1541 2387 1551 2401 ‚
1573 2375 1625 2409 nec
1635 2365 1743 2400 adulte,

1602 2415 1676 2434 rium
1686 2426 1695 2440 ,
