1866 2526
128 107 159 146 gi
167 65 264 136 {tinen
273 106 467 136 Gebanitarurn
484 118 590 146 quartas
610 110 697 146 partes
715 110 771 145 ejus
784 107 908 147 pendunt
919 127 926 135 .
984 115 1022 135 no
1032 128 1040 140 ,
1052 109 1081 136 &
1089 106 1173 144 injur.
1185 110 1257 139 Item
1267 110 1299 140 in
1308 112 1543 144 Bullencafinen.
1554 125 1593 145 to.
1605 127 1632 145 2.
1642 116 1726 146 const.
1737 123 1785 154 ⁶4·

128 149 244 176 Caetero
252 147 347 186 passim
356 158 370 176 a
379 148 465 187 vulgo
474 149 647 187 coempt5,in
658 149 736 178 folles
746 148 928 179 consarciunt,
983 147 1119 186 const.73.
1136 160 1144 176 i
1156 159 1198 181 17.
1213 160 1243 189 ¹3
1254 162 1277 180 1.
1289 157 1318 182 δε
1326 153 1391 182 alibi
1399 153 1501 184 ibidem
1510 176 1518 184 .

130 187 235 227 ipsique
245 188 422 227 unguentarii
432 189 572 227 digerunt,
582 188 654 220 haud
665 190 815 220 difficulter
824 189 927 220 odoris,
944 187 1081 217 SrAttum
1095 211 1102 222 ‚
1123 188 1209 218 sedile
1219 189 1249 219 in
1259 191 1345 222 choro
1354 214 1363 226 ,
1383 203 1468 223 unum
1489 196 1519 225 ab
1536 197 1591 226 alio
1602 197 1765 227 diciinecum
1774 207 1789 226 .·»

132 239 213 267 atque
223 229 403 269 pinguedinis
413 229 581 267 argumentis
592 249 599 257 .
620 232 632 261 ]
653 231 819 266 Mysterium
828 252 836 263 ,
855 229 929 267 quod
987 229 1128 264 [Intravit
1137 229 1252 260 chorum
1261 242 1385 272 uterque,
1396 234 1482 265 stante
1493 237 1588 266 Priore
1597 239 1627 267 in
1638 238 1715 267 stallo
1728 237 1785 267 suo.

132 270 195 299 Deo
204 280 237 301 ,ex
249 268 361 304 myrrha
373 280 431 297 non
441 269 508 298 dent
517 270 658 307 portiones
668 292 676 303 ,
687 270 760 300 haud
769 272 838 300 bene
847 270 929 298 intel·
985 268 1087 299 Caesar.
1098 270 1143 298 lib.
1160 281 1182 298 1.
1194 276 1298 310 αἱμα]
1312 276 1353 302 Ac
1365 273 1436 304 idem
1447 296 1456 308 ,
1476 276 1520 305 lib.
1533 288 1557 313 5.
1569 289 1626 317 cap.
1639 289 1664 314 5.
1677 284 1691 313 [
1703 278 1785 306 Vidi:

131 310 230 341 loetum
242 309 316 338 fuiss'e
328 321 341 337 a
350 309 445 337 Plinio
456 319 541 348 put05
553 321 615 340 nam
625 322 683 342 non
695 312 734 340 est
743 311 929 341 connaturalis
986 310 1052 339 duos
1063 310 1202 342 demones
1208 315 1285 348 juxta
1296 313 1494 351 presbyterium
1503 317 1606 348 intrare
1616 341 1625 353 ,
1647 323 1675 349 δε
1694 319 1785 357 paul:-

131 351 203 380 ratio
212 350 427 389 gemimmquod
437 361 493 379 non
501 351 582 379 detur
591 352 655 381 Deo
667 352 705 384 id,
718 353 794 390 quod
804 352 872 390 apud
884 361 929 380 eos
984 350 1035 378 tim
1046 351 1189 380 ascendere
1198 353 1233 381 ad
1252 354 1358 384 stallum
1370 354 1479 384 Abbatis
1489 376 1496 385 .
1516 359 1529 389 ]
1550 358 1623 388 Vide
1641 360 1765 388 Cancellj
1776 379 1784 387 .

130 390 266 422 miscitur>-
284 391 342 420 imo
352 392 521 419 contrarium
532 391 637 419 constat
648 414 655 424 ,
676 393 861 431 nempe‚quod
870 403 929 431 gra·
988 392 1244 422 Chorus-Formula.
1256 396 1670 436 Misericordia-Pastophorium
1683 400 1709 427 in
1720 399 1784 428 difr„

131 431 260 460 titudinis
268 431 356 469 gratia
365 442 397 460 ex
418 430 535 469 frugibus
553 432 671 469 propriae
697 443 775 461 terr-e
788 432 929 471 unusquis·
987 433 1172 461 Cubiculum.
1185 433 1258 463 Vide
1268 436 1480 471 Vastellum-FR.
1491 438 1565 466 Item
1575 439 1720 477 aliquando
1733 449 1785 468 ma—

130 483 183 512 que
194 472 312 500 decimas
324 493 332 503 ‚
342 482 370 499 :ic
381 471 514 508 primitias
524 493 532 504 ‚
545 472 646 501 nedum
657 473 719 512 lege
728 474 823 503 divim
832 495 840 506 ‚
860 474 928 512 quin
986 473 1088 502 cellum
1099 474 1233 512 fignificat
1244 495 1250 503 .
1271 482 1284 511 [
1297 479 1331 504 Et
1342 475 1417 514 quod
1431 475 1552 506 dicebant
1563 478 1643 511 alibi,
1661 490 1739 518 quam
1753 480 1783 508 in

130 523 164 542 ex
174 513 269 541 innata
279 511 449 550 gratitudine
460 511 502 539 illi
521 512 639 542 tribuere
658 515 766 553 cogitur
778 536 785 547 ,
805 524 835 543 ut
846 514 928 542 etiam
985 513 1068 542 stallis
1079 535 1085 545 ,
1096 515 1202 543 Decani
1213 537 1221 548 ‚
1240 519 1268 544 δε
1279 516 1404 554 Capituli
1414 517 1552 546 carnifices
1561 529 1654 548 carnes
1667 520 1785 549 vendere

130 553 201 591 apud
211 552 344 581 Ethnicos
353 562 449 580 omnes
460 552 585 581 usitatum
597 554 673 584 fuisse
685 555 802 594 legitur.
814 554 929 592 Insuper
983 564 1041 582 non
1053 554 1159 583 debere.
1172 558 1183 587 ]
1198 559 1233 584 Et
1243 555 1364 585 inferius:
1378 563 1390 592 [
1404 558 1476 586 Cum
1489 558 1562 587 idem
1573 558 1717 597 Episcopus
1727 561 1785 599 post

131 594 151 624 fi
162 594 247 622 Plinii
259 593 328 620 ratio
338 603 400 621 vei-a
410 592 472 621 ess'et
482 614 490 626 ,
501 592 659 632 sequeretur
670 617 677 628 ‚
690 596 763 634 quod
774 596 872 634 Populi
884 595 926 623 illi
983 594 1143 624 citationem
1154 606 1248 625 carries
1257 597 1288 625 in
1300 597 1383 626 stallis
1395 597 1457 627 aliis
1470 599 1553 628 vendi
1563 598 1673 629 fecisset.
1685 601 1719 629 In
1729 602 1786 630 De-

130 645 189 663 non
207 633 294 662 solum
313 632 435 668 myrrha:
459 635 602 672 portiones
621 637 684 664 Deo
705 647 837 675 negarent
849 658 857 669 ‚
883 635 929 664 sed
985 636 1075 664 eremi.
1084 636 1118 664 de
1129 637 1256 675 appellat.
1277 648 1334 675 cap.
1347 645 1394 674 69.

130 675 213 704 etiam
223 674 347 702 omnium
359 674 466 712 frugum
477 675 576 703 ibidem
589 676 758 705 nascentium
769 689 776 708 ‚-
796 687 877 716 quare
888 687 928 704 er-
946 675 1081 705 Simu-res
1095 697 1102 708 ,
1120 676 1279 706 dicebantur
1288 677 1442 708 Christiani
1464 678 1495 709 in
1514 679 1703 718 pei-secutione
1722 680 1787 710 fidei

129 726 167 755 go
185 714 270 743 solius
289 715 408 750 myrrhae
430 716 581 745 oblationes
598 718 745 747 renuebant
762 719 826 746 dare
844 719 908 746 Deo
920 722 928 746 ?
993 717 1147 746 constantes
1159 729 1166 749 i
1187 729 1202 747 e
1211 718 1350 748 contrario
1370 719 1448 757 Lapfi
1455 720 1499 756 qui
1519 722 1621 749 timore
1631 730 1784 750 tormento-

129 755 216 786 Aliud
229 755 360 793 siquidem
372 756 531 791 mysterium
542 757 573 785 in
582 757 636 787 hoc
647 758 831 787 internoscere
849 758 913 786 licet
923 780 929 790 ,
987 767 1047 787 rum
1057 767 1071 785 a
1081 757 1134 786 fide
1144 758 1342 797 apostatabant:
1366 766 1377 795 [
1393 758 1519 798 Episcopi
1536 761 1565 789 in
1582 772 1666 790 unum
1684 771 1787 790 conve-

128 796 204 834 quod
215 806 281 834 puto
290 807 347 824 non
356 795 471 830 esl‘emifi
480 797 543 835 quia
554 798 665 833 myrrha
675 799 851 827 mortalitatis
860 797 931 833 sym.
988 797 1245 836 nientes‚praesente
1254 804 1281 828 ὃ(
1292 800 1420 828 stantium
1430 800 1514 837 plebe.
1527 801 1785 839 D.Cyprian.epist.

129 836 222 867 bolum
230 836 282 869 est,
296 837 359 869 ideo
368 838 429 866 Deo
441 838 592 868 immortali
601 838 698 867 offerre
710 850 765 868 non
777 839 929 872 licet‚ideo—
993 849 1002 866 i
1010 849 1036 873 4·
1047 840 1059 869 ]
1072 839 1160 873 Quam
1172 839 1295 868 dimone
1307 839 1336 868 in
1347 839 1399 868 hoc
1410 841 1548 879 Cypriani
1558 842 1620 870 loco
1630 842 1715 881 aliqui
1725 852 1784 879 per-

129 878 220 915 qucin
231 878 327 906 Exodo
337 877 527 916 suprajull'erat
537 880 610 909 Deus
619 879 715 908 offerre
727 880 767 908 illi
780 878 928 915 myrrham,
987 888 1080 917 peram
1090 879 1228 917 corrigere
1239 880 1376 911 malum-es
1395 879 1441 908 sed
1460 891 1521 910 cum
1531 882 1595 910 alibi
1606 883 1700 911 eadem
1720 891 1786 910 voce

128 921 157 946 &
168 920 224 952 ejus
236 918 335 946 stacten
344 919 522 947 commixtam
532 920 592 949 aliis
601 921 765 949 aromatibus
782 921 816 949 ad
827 920 928 958 fignifi-
987 929 1077 948 utatur
1087 941 1095 952 ,
1115 919 1274 948 mutandam
1292 919 1342 949 ess'e
1361 930 1531 960 nequaquam
1540 932 1618 950 reor:
1640 923 1670 953 in
1688 924 1787 951 eodem

129 959 241 987 caudam
253 957 370 987 futuram
380 958 579 997 hypostaticam
593 971 713 990 naturam
726 961 755 989 in
766 960 928 993 Christo,fic
986 961 1059 989 enim
1071 958 1149 989 sensu
1158 960 1236 998 epist.
1248 972 1294 994 27.
1306 967 1318 996 [
1328 963 1362 990 In
1374 961 1498 990 omnibus
1510 961 1661 994 stantibus]
1674 963 1746 991 dixit
1758 967 1785 991 &

130 999 215 1028 etiam
233 1000 262 1027 in
279 999 362 1028 tribus
380 1001 523 1038 Magorum
541 1002 694 1030 muneribus
705 1001 821 1031 Christo
832 1001 928 1029 oblatis
986 1000 1082 1028 clarius
1092 1001 1169 1038 epist.
1180 1012 1225 1038 30.
1236 1001 1787 1037 habetur:[1³rccesstantium.]i=R.existi-

129 1040 277 1074 commixta
289 1039 340 1069 fuit
351 1040 472 1076 myri-hm
487 1051 557 1074 nam,
567 1052 596 1070 ut
606 1042 641 1070 ait
652 1044 689 1071 D.
702 1045 758 1071 Leo
768 1040 927 1079 Papa‚serm.
986 1051 1032 1069 mo
1044 1052 1101 1069 non
1112 1042 1264 1080 incongrue
1274 1043 1412 1080 Cypriani
1423 1043 1525 1071 dictum
1534 1053 1569 1071 cx
1581 1044 1667 1071 verbis
1679 1042 1787 1072 Christi

130 1092 158 1111 2.
169 1081 203 1108 de
213 1078 314 1118 Epi'ph.
337 1080 486 1117 [Mysticas
497 1083 538 1111 illi
550 1083 583 1111 de
594 1081 725 1111 thesauris
736 1083 862 1112 Domino
871 1092 925 1110 mu-
985 1082 1117 1114 derivari,
1128 1092 1189 1110 cum
1199 1083 1321 1115 dixerat:
1335 1089 1347 1118 [
1360 1086 1435 1112 Ante
1446 1083 1584 1116 Praesides,
1596 1087 1624 1112 ὃς
1636 1086 1727 1123 Reges
1738 1083 1789 1113 sta-

128 1131 226 1150 nerum
237 1120 336 1159 species
347 1121 505 1150 obtulerunt
514 1143 521 1150 .
540 1125 553 1155 ]
566 1126 605 1153 Ac
622 1124 717 1152 clarius
728 1125 765 1153 D.
777 1122 929 1162 Gregorius
983 1122 1045 1150 bitis
1056 1132 1169 1161 propter
1180 1133 1223 1151 nie
1242 1124 1272 1152 in
1284 1124 1472 1152 testimonium
1481 1123 1537 1152 illis
1548 1144 1555 1151 .
1574 1126 1658 1152 Marc.
1677 1136 1700 1153 c.
1719 1135 1760 1162 ¹3·
1772 1126 1785 1155 ]

130 1163 211 1200 Papa,
221 1161 321 1189 homil.
330 1173 337 1190 ι
345 1162 403 1190 0.in
415 1163 516 1193 Mattli.
529 1163 629 1202 inquit:
642 1164 732 1203 [Magi
746 1174 812 1192 vero
822 1174 926 1196 aurum,
983 1163 1180 1199 Undestantes
1191 1165 1341 1203 appellavit
1351 1164 1489 1203 intrepide
1500 1164 1582 1193 fidem
1591 1175 1683 1194 coram
1694 1174 1787 1200 tyran-

132 1201 196 1230 thus
207 1223 214 1234 ,
224 1206 251 1230 ὅ(
262 1201 403 1237 myrrham
412 1203 539 1232 deferunt
551 1225 557 1232 .
570 1207 674 1234 Aurum
686 1226 694 1237 ,
713 1205 815 1243 quippe
827 1226 834 1237 ,
855 1205 926 1242 Regi
983 1214 1021 1231 no
1032 1203 1194 1242 profitentes
1205 1224 1213 1232 .

130 1242 261 1281 congruit
272 1242 353 1277 ithus
365 1243 471 1279 veroin
481 1245 534 1273 Dei
544 1245 704 1274 sacrificium
713 1246 838 1283 ponitur5
851 1255 927 1280 myr—
944 1240 1081 1272 STANTIA
1093 1246 1164 1276 ,FR.
1176 1255 1190 1272 a
1201 1244 1295 1274 stando
1304 1268 1311 1278 ‚
1325 1247 1433 1284 pastum
1442 1245 1636 1284 obligatorium
1648 1245 1784 1284 intelligi-

128 1282 178 1312 rlia.
187 1292 277 1311 autem
286 1293 457 1312 mortuorum
468 1295 583 1324 corpora
593 1286 774 1314 condiuntur.
785 1289 852 1314 Eum
862 1296 928 1324 ergo
985 1293 1028 1312 tur
1040 1285 1188 1323 aliquando
1197 1307 1205 1317 ,
1225 1285 1254 1313 in
1266 1296 1320 1324 quo
1330 1286 1446 1314 omnino
1467 1286 1534 1315 stare
1546 1287 1656 1315 debetur
1665 1308 1672 1315 .
1693 1284 1786 1316 Gloria

130 1323 207 1363 Magi
219 1345 226 1356 ‚
237 1333 318 1362 quem
328 1323 443 1353 adorant
455 1347 463 1357 ,
473 1327 552 1354 etiam
562 1327 685 1361 mysticis
695 1327 848 1356 muneribus
860 1336 928 1364 prae-
983 1324 1013 1352 in
1023 1325 1041 1352 l.
1052 1325 1070 1353 fi
1083 1325 1141 1362 quis
1152 1325 1316 1359 debitorem,
1326 1326 1360 1354 de
1371 1326 1479 1358 debitis,
1489 1330 1516 1355 δε
1525 1327 1721 1365 gaudimoniis.
1734 1327 1785 1354 Vi-

129 1364 241 1394 dicans
262 1374 329 1392 auro
339 1366 447 1403 Regem
457 1387 464 1398 ,
486 1366 566 1395 thure
579 1369 668 1395 Deum
680 1388 687 1399 ,
707 1367 820 1402 myrrha
829 1377 929 1394 morta-
984 1365 1017 1392 de
1027 1365 1158 1404 Synthica
1168 1385 1175 1393 .

131 1404 188 1434 lem
198 1425 205 1432 .
218 1406 231 1436 J
252 1405 286 1433 Id
295 1414 386 1433 autern
398 1427 405 1438 ,
425 1407 499 1444 quod
510 1408 614 1442 Plinius
624 1408 691 1436 dicit
702 1411 766 1445 Regi
778 1408 928 1436 Gebanita-
943 1400 1116 1433 STAi’i-:Dium
1128 1427 1135 1437 ,
1148 1405 1231 1444 stapes
1243 1428 1249 1434 .
1263 1413 1275 1442 [
1287 1408 1332 1436 Ut
1343 1417 1403 1436 cum
1412 1408 1535 1436 Summus
1547 1407 1676 1437 Pontifex
1687 1417 1785 1446 equum

130 1456 193 1474 rum
205 1466 212 1478 ‚
225 1445 310 1484 inagis
319 1445 366 1473 ille
375 1456 434 1481 cuin
444 1448 499 1481 Sne.
509 1446 641 1486 scriptura
649 1448 798 1477 concordat
810 1469 817 1481 ,
838 1448 867 1475 in
878 1458 929 1486 qua
984 1444 1147 1478 ascenderit,
1160 1446 1309 1484 stapedium
1320 1447 1392 1476 sellae
1404 1450 1459 1482 ejus
1469 1456 1569 1475 teneat.
1581 1449 1735 1477 Davantria.
1745 1450 1784 1475 M.

129 1485 261 1520 habetur:
276 1485 386 1521 [Dedit
395 1497 440 1515 eos
450 1488 479 1516 in
491 1498 582 1517 manus
592 1488 814 1521 Gabaonkarum,
826 1491 836 1519 ]
851 1499 930 1526 quani
985 1487 1010 1514 S.
1022 1486 1065 1514 ubi
1078 1487 1203 1515 Coronat
1214 1508 1220 1514 .
1242 1489 1318 1526 Imp.
1331 1490 1455 1517 Coerem.
1475 1486 1604 1516 describit
1613 1508 1620 1515 .
1644 1490 1656 1519 ]
1679 1491 1738 1517 PR.
1747 1488 1782 1516 D·

127 1526 221 1555 Strabo
233 1547 240 1558 ,
255 1526 307 1565 ,qui
317 1525 366 1553 hos
378 1529 492 1565 populos
503 1529 632 1558 mendose
644 1531 831 1559 Catahamtas
840 1530 930 1567 appel-
987 1527 1177 1562 Hieronymus
1186 1531 1310 1565 Stapiam
1323 1528 1441 1567 appellat
1451 1548 1457 1555 .
1469 1527 1541 1556 Vide
1550 1533 1645 1565 Strepa
1656 1547 1664 1555 .

129 1567 169 1595 lat
180 1587 188 1594 .
209 1567 335 1602 Cyrillus
347 1577 437 1597 autem
448 1570 599 1598 Alexandr.
610 1570 638 1598 iri
658 1571 704 1598 lib.
715 1582 744 1607 9,
756 1572 847 1599 Levit.
857 1569 930 1598 aliud
945 1564 1079 1596 STAPHUS
1090 1588 1096 1594 .
1109 1568 1182 1596 Vide
1192 1574 1311 1606 Statcpus
1320 1589 1326 1596 .

129 1607 276 1642 mysticum
290 1607 470 1646 significatum
482 1610 611 1638 adducit:
633 1616 644 1645 [
656 1610 762 1646 Quaerit
773 1614 799 1641 ὅ(
811 1610 910 1638 stacten
922 1621 928 1640 3
946 1605 1157 1638 STAPurtiNuiu
1168 1631 1176 1642 ‚
1187 1609 1322 1647 pastinaca
1333 1609 1454 1638 erratica.
1466 1609 1539 1638 Vide
1550 1607 1708 1637 Pliniumin
1721 1607 1784 1636 dist.

127 1648 216 1678 colata
226 1648 299 1677 enim
310 1669 317 1681 ‚
335 1651 363 1677 ὅ(
375 1648 508 1679 defoecata
518 1652 578 1679 vult
589 1649 639 1680 effe
652 1652 730 1680 verba
752 1650 841 1680 nostra
851 1670 863 1690 ,
885 1653 930 1681 vel
985 1650 1135 1686 Suffbcatus
1145 1670 1153 1679 .

125 1699 207 1727 opera
217 1710 225 1717 .
946 1686 1073 1718 STAi‘ius
1084 1711 1092 1722 ‚
1102 1691 1241 1719 Stabulum
1252 1712 1260 1723 ,
1279 1692 1414 1719 Germani
1423 1691 1514 1728 Stapel
1523 1689 1618 1718 dicunt
1629 1709 1636 1717 .
1655 1691 1689 1717 In
1701 1687 1782 1717 Lsali-

90 1729 229 1759 STAmim
241 1751 249 1762 ,
268 1726 360 1762 ςιίᾶὶον
371 1751 378 1762 ,
399 1741 448 1769 pro
456 1730 551 1760 semita
565 1733 700 1771 pomarii,
720 1733 753 1760 de
764 1731 881 1761 Susanna
890 1732 930 1760 lo·
986 1740 1025 1761 ca,
1037 1730 1080 1757 tit·
1095 1736 1139 1765 58.
1151 1732 1195 1762 ubi
1207 1731 1288 1760 etiam
1298 1731 1415 1770 Stafflus
1425 1731 1536 1760 dicitur.
1548 1734 1608 1765 Ejus
1617 1728 1785 1764 synonyma-

129 1780 216 1809 quens
225 1771 423 1804 Tertullianus,
433 1771 572 1811 usurpavit
582 1796 589 1806 ,
600 1773 729 1812 inquiens
741 1786 745 1800 .·
762 1774 928 1807 [Caeterum
988 1770 1062 1798 Vide
1071 1772 1219 1800 Stabulum
1231 1792 1238 1799 ·

131 1811 161 1839 in
174 1810 260 1839 stadio
273 1811 367 1839 mariti
388 1823 442 1840 non
455 1822 522 1850 puto
540 1815 657 1842 velatam
675 1811 848 1842 deambulasse
859 1833 865 1840 .
886 1815 929 1841 De
947 1810 1095 1838 STAPULUS
1108 1832 1114 1838 .
1126 1812 1200 1840 Vide
1211 1814 1365 1849 Aristaton.

131 1851 326 1880 Ceron-milit.
339 1854 350 1883 ]
368 1854 498 1882 FR-Item
509 1854 656 1887 cii-omium,
668 1854 712 1883 seu
724 1854 886 1882 curriculum
897 1854 927 1882 si-
948 1851 1065 1879 ΞΥΔ-[εκ
1074 1871 1085 1889 ,
1095 1848 1178 1890 ςατῆρ
1187 1873 1198 1889 ,
1217 1862 1327 1880 moneta
1339 1874 1347 1884 ‚
1367 1851 1400 1881 de
1411 1862 1462 1891 qua
1475 1852 1506 1880 fit
1516 1851 1624 1880 mentio
1633 1850 1663 1878 in
1678 1861 1700 1878 i.
1712 1851 1785 1887 Reg-

128 1891 355 1931 gnificat:[1i,qui
365 1892 395 1920 in
404 1893 489 1921 stadio
498 1903 617 1923 currunt.
627 1894 929 1931 i.Cor.9..-.4.]Accipi.
987 1900 1044 1928 cap-
1056 1902 1114 1926 9·4-
1126 1894 1196 1930 Reg.
1206 1903 1263 1931 cap.
1274 1904 1300 1925 7.
1311 1895 1487 1930 Jerem.c:ip.3
1497 1904 1521 1921 ι..
1536 1891 1676 1921 Ezechiel.
1688 1899 1744 1927 cap·
1757 1900 1785 1923 4·

130 1941 174 1960 tur
184 1932 268 1961 etiam
278 1943 329 1971 pro
339 1935 509 1972 geometrica
521 1934 652 1963 mensura.
667 1933 844 1970 [Intervallo
853 1945 932 1972 quin-
987 1935 1015 1960 δε
1026 1931 1126 1960 Mattli.
1139 1943 1196 1970 cap.
1213 1944 1255 1966 ¹7-
1266 1935 1332 1967 Quae
1343 1933 1400 1961 auri
1410 1943 1515 1961 unciam
1526 1933 1658 1970 pendebat
1670 1953 1678 1964 ,
1699 1928 1785 1972 idest)

128 1983 182 2010 que
193 1972 353 2010 stadiorum,
374 1984 396 2000 1.
407 1975 508 2003 Macab.
524 1987 531 2003 i
544 1987 566 2003 1.
582 1977 621 2009 5.]
633 1977 678 2004 De
688 1985 742 2014 quo
752 1974 824 2012 sx‘pe
836 1974 865 2002 in
877 1976 930 2003 Sac.
987 1972 1038 1999 tria
1047 1981 1165 2001 monem:
1177 1972 1258 2004 scut25
1269 1984 1332 2002 iiam
1344 1972 1492 2001 inservivit
1512 1973 1544 2001 ad
1553 1971 1717 2002 solvendum
1736 1978 1787 2012 tri-

128 2013 266 2051 Striptura
276 2034 282 2041 .
303 2014 371 2049 Quae
384 2023 476 2043 tamen
487 2016 615 2044 distantia
626 2016 700 2044 varie
717 2013 825 2043 affertur
834 2016 864 2043 ab
876 2018 932 2043 Au—
985 2013 1078 2040 butum
1089 2013 1200 2042 duarum
1213 2013 1401 2042 drachmarum
1411 2024 1460 2052 pro
1470 2013 1569 2042 duabus
1579 2012 1746 2051 personissslt
1757 2018 1787 2036 ¹¹²

130 2054 257 2081 stonbus.
270 2054 386 2087 Plinius,
398 2055 646 2096 lib.2.c.23.inquit
657 2056 800 2085 continere
812 2055 892 2092 pedes
904 2064 930 2085 6.
986 2052 1083 2080 eodem
1094 2054 1141 2082 cit.
1154 2064 1211 2091 cap·
1222 2054 1352 2084 Matthaei
1372 2053 1503 2084 hebetum
1525 2053 1588 2082 hinc
1600 2061 1715 2092 quatuor
1726 2050 1786 2078 dra-

130 2104 145 2122 2
153 2102 239 2131 5.quae
250 2093 373 2123 mensura
383 2096 466 2124 octies
478 2095 584 2134 sumpta
595 2097 681 2127 efficit
692 2096 769 2124 mille
780 2094 930 2133 palliis.Sui—
985 2092 1076 2121 chmas
1088 2094 1246 2122 continebat
1256 2115 1262 2121 .
1274 2096 1329 2124 PR.
1343 2094 1468 2123 Urbanus
1480 2096 1549 2132 Papa
1558 2104 1592 2122 ex
1604 2094 1653 2122 hac
1663 2096 1786 2128 Evange-

128 2133 174 2161 das
186 2143 251 2162 vero
261 2134 298 2162 :iit
311 2136 457 2164 continere
469 2148 534 2171 400.
548 2137 702 2165 cubitorum
713 2158 720 2169 ,
740 2136 813 2174 quod
822 2136 930 2174 expres·
986 2134 1037 2161 lica
1050 2134 1145 2162 tributi
1163 2134 1302 2163 solutione
1323 2135 1503 2173 fignificatum
1513 2135 1625 2163 deducit
1637 2155 1646 2167 ‚
1669 2140 1766 2168 nempe
1776 2149 1786 2161 ¹

127 2173 178 2202 sius
189 2172 299 2202 habetur
309 2174 355 2202 hic
367 2176 396 2203 in
405 2176 470 2204 dist.
481 2182 529 2209 Pers
541 2175 603 2205 :sed
616 2178 729 2206 varietas
740 2175 798 2204 liaec
809 2176 931 2215 intelligi
988 2174 1153 2209 [Tribututn
1163 2175 1192 2203 in
1203 2185 1250 2203 ore
1260 2174 1475 2213 piscis‚piscantc
1487 2175 1724 2215 Petr0,inventum
1735 2169 1783 2201 est,

128 2214 208 2242 debet
221 2213 374 2252 respective
385 2217 418 2244 ad
430 2217 636 2254 regione5,1icut
649 2220 730 2246 etiam
742 2226 812 2244 nunc
822 2217 929 2249 accidit,
984 2215 1047 2253 qui-1
1058 2215 1091 2244 dc
1103 2216 1282 2245 exterioribus
1291 2215 1343 2244 suis
1356 2237 1363 2247 ‚
1383 2220 1394 2248 (
1412 2226 1472 2254 qux
1483 2216 1570 2254 palam
1589 2213 1689 2242 cunstis
1707 2220 1787 2253 appa-

129 2253 205 2292 quod
214 2254 243 2282 in
255 2255 335 2283 variis
347 2256 498 2293 provinciis
508 2258 637 2296 longiora
646 2279 655 2291 ,
679 2258 724 2288 vel
733 2257 859 2286 breviora
869 2258 930 2287 mil·
985 2265 1047 2285 rent
1058 2259 1070 2288 )
1081 2256 1196 2287 Eccleiia
1205 2257 1335 2285 tributum
1347 2256 1447 2284 reddit.
1460 2258 1527 2285 Non
1538 2263 1624 2284 autem
1633 2261 1722 2295 totum
1733 2248 1787 2288 pls·

130 2294 208 2323 haria
221 2294 410 2324 mensurantur
421 2316 429 2324 .
985 2306 1042 2324 cem
1052 2296 1132 2332 justiis
1142 2297 1179 2325 est
1190 2297 1254 2325 dare
1266 2308 1273 2327 ς
1291 2295 1338 2325 sed
1348 2306 1453 2326 tantum
1473 2297 1596 2325 staterem
1606 2315 1613 2326 ,
1631 2303 1677 2331 qui
1687 2302 1718 2320 in
1737 2300 1788 2319 ore

86 2334 233 2363 stainos
245 2356 252 2362 .
265 2336 338 2364 Vide
348 2337 457 2374 Staplus
468 2357 475 2364 .
984 2340 1039 2372 ejus
1057 2337 1188 2366 inventus
1206 2338 1260 2366 est:
1273 2338 1335 2376 quia
1355 2348 1412 2366 non
1431 2336 1547 2366 Ecclesia
1566 2334 1625 2363 dari
1636 2335 1789 2371 Imperato-

87 2375 250 2405 STALARM·
263 2378 321 2407 FR-
329 2376 408 2411 sylva
420 2377 512 2412 cedua,
526 2378 542 2406 l.
556 2378 574 2408 fi
586 2378 646 2419 quis
658 2378 799 2413 stalariam,
811 2377 845 2410 de
854 2377 928 2407 dam-
984 2378 1007 2406 ri
1019 2399 1027 2412 ,
1041 2388 1098 2407 non
1109 2378 1281 2409 Pontificalis
1291 2387 1359 2417 apex
1370 2399 1381 2412 ,
1398 2377 1445 2417 qui
1455 2377 1484 2405 in
1495 2380 1542 2406 bre
1552 2374 1650 2415 capitis
1659 2370 1784 2451 ngfssssfiae
