1866 2526
457 30 564 72 Ml

95 90 187 122 miirae
199 91 315 122 formam
325 88 355 119 in
364 87 421 119 alio
440 88 522 118 fimiii
541 86 676 128 originali
687 87 793 118 intac‘to
811 86 897 132 adhuc

92 132 208 172 reperiri
217 133 335 162 affirmat
344 151 353 164 ,
373 130 448 169 quod
460 139 494 158 ne
514 129 708 159 defraudentur
726 130 899 172 antiquitatis

93 172 286 204 Ecclefinsticae
298 171 409 200 ssudiofi
419 171 451 199 in
460 169 514 199 hoc
525 171 636 210 digredi
647 170 729 199 malui
741 192 750 204 ‚
772 181 800 199 ac
813 172 899 199 Boni-

93 213 160 244 fatii
169 214 256 244 viu.
266 213 361 241 eadem
372 213 517 251 parvitatis
528 212 616 241 forma
627 210 702 240 fuille
712 212 742 240 i'n
754 212 820 240 dia.
842 215 896 254 Paf-

88 263 128 295 pa
138 254 169 283 in
177 253 234 283 fine
253 253 413 283 ostendetur·
422 272 430 280 .
454 253 548 282 Aliam
567 253 669 282 Gelaiii
691 253 768 290 Papae
783 253 823 281 11.
845 261 896 296 mi-

93 303 165 325 tram
182 303 217 322 ex
237 295 351 333 antiqua
371 294 474 332 pictura
486 294 699 323 aConstantino
717 294 894 330 Cajeranom

89 334 229 376 principio
238 334 358 372 ejusdem
370 337 449 373 Papae
462 335 527 363 vitae
538 334 656 373 apposita
668 355 677 367 ‚
697 335 841 363 Lectorum
851 344 884 362 cu

90 374 224 406 riofitatis
230 386 322 417 gratia
331 375 378 405 hic
387 385 527 415 apponere
537 374 630 405 curavi
642 395 648 403 .

89 1425 182 1461 Quare
194 1425 346 1465 phrygium
355 1436 422 1465 puto
431 1424 507 1455 fuiss'e
516 1425 589 1456 idem
599 1448 607 1461 ‚
619 1429 694 1468 quod
705 1430 804 1461 Italice
815 1436 893 1469 Freg-

87 1469 133 1502 gio
144 1476 272 1505 corrupte
282 1467 386 1495 dicitur
398 1488 404 1498 ,
415 1471 442 1495 ὅ(
453 1476 508 1495 erat
517 1468 650 1507 ligamen,
660 1470 716 1499 five
726 1473 818 1500 velum
830 1481 893 1510 qua—

92 1515 158 1533 tuor
177 1506 281 1544 digitos
292 1508 376 1535 latum
398 1517 475 1535 more
485 1506 608 1547 phrygio
627 1512 780 1549 πυριᾶυιτι
795 1537 800 1547 ,
819 1513 892 1550 quod

90 1545 265 1574 circundabit
285 1547 400 1575 limbum
411 1548 502 1576 mitrae
514 1569 522 1580 ‚
545 1559 658 1588 eamque
677 1552 894 1592 constringendo

90 1585 214 1615 firmabat
225 1608 233 1620 ,
255 1589 282 1615 v&
293 1597 307 1615 a
319 1596 399 1626 tergo
408 1589 560 1618 remanebat
578 1600 627 1629 per
637 1591 704 1620 duos
715 1592 816 1630 palmos
827 1603 893 1632 pen-

90 1626 159 1654 dent
169 1648 177 1659 ‚
189 1637 249 1665 qux
261 1628 411 1665 pendentia
423 1627 512 1658 adhuc
525 1629 552 1658 in
562 1631 650 1660 mitris
661 1631 823 1662 observatur
832 1656 841 1667 ,
865 1639 891 1664 &

91 1667 157 1695 ideo
166 1673 243 1696 Vitta
253 1689 260 1699 ,
282 1671 309 1696 δε
319 1673 452 1706 Lxgamen
461 1690 469 1703 ‚
480 1675 590 1700 Sertusn
606 1697 612 1706 ,
635 1677 740 1702 Corona
749 1696 757 1708 ‚
779 1679 806 1704 δ(
818 1675 891 1705 fimi-

87 1708 127 1737 iia
143 1708 192 1737 ⁴de
203 1708 299 1747 quibus
309 1707 388 1748 supra
398 1731 406 1742 ‚
416 1709 573 1743 dicebatur-5
595 1713 715 1752 indeque
724 1724 783 1754 pars
793 1726 843 1754 pro
853 1727 894 1746 to-

90 1757 121 1776 to
140 1748 169 1777 in
178 1749 408 1778 denominatione
418 1750 586 1781 sumebatur:
609 1755 684 1791 quod
696 1766 728 1784 ex
741 1767 774 1785 eo
783 1758 893 1786 allerere

92 1788 211 1817 inducor
221 1811 228 1822 ,
252 1791 315 1829 quia
327 1791 408 1819 mitra
428 1793 454 1820 S.
465 1791 601 1822 Paschalis
609 1796 688 1833 Papae
701 1797 724 1825 1.
744 1798 779 1826 de
791 1808 842 1836 qua
852 1799 895 1828 su-

92 1838 138 1865 pra
148 1828 207 1857 dixi
219 1851 227 1862 ‚
247 1830 354 1868 depicta
364 1833 393 1860 in
404 1842 516 1870 porticu
526 1834 551 1863 S.
562 1836 687 1865 Caeciiiae
698 1859 705 1869 ,
726 1839 806 1876 plana
818 1849 876 1868 erat
886 1862 894 1873 ,

91 1873 118 1897 &-
129 1868 242 1898 habebat
263 1869 371 1900 fasciam
381 1874 414 1901 ad
436 1873 551 1903 limbum
562 1874 739 1916 phrygiatam
751 1901 759 1912 ‚
781 1883 808 1908 ὅ(
820 1890 896 1910 retro

92 1910 258 1947 pendentem
269 1933 275 1943 ,
300 1922 360 1949 qux
379 1922 437 1942 crat
453 1915 561 1944 caerulei
580 1917 729 1952 color-13:11:
741 1920 897 1960 Eodemque

92 1951 178 1979 modo
200 1951 339 1980 Valentiae
354 1952 553 1992 Hispaniarum
573 1960 741 1988 monili-atur
761 1970 842 1990 mitra
863 1973 896 1991 ex

91 1991 153 2019 albo
163 1990 250 2020 serico
263 2013 272 2025 ,
295 2002 356 2021 cum
367 1993 443 2023 fascia
454 1996 483 2024 in
492 1996 579 2026 limbo
589 1998 747 2034 circundata
757 2000 833 2030 serici
844 2013 896 2031 ςκ-

92 2031 161 2059 rulei
175 2053 183 2065 ,
205 2043 324 2071 auroque
334 2032 479 2074 phrygiata
491 2057 498 2064 .
521 2040 560 2066 Ex
573 2040 668 2076 quibus
687 2043 895 2080 antiquitatibus

91 2074 280 2101 recentiorum
295 2076 499 2106 Haereticorum
509 2079 643 2108 calumnia
652 2082 790 2110 evincitur
801 2105 808 2115 ,
831 2094 891 2122 quae

90 2113 204 2141 mitram
215 2113 304 2143 asserit
317 2114 367 2143 elie
379 2127 483 2146 novum
493 2119 675 2148 adinventum
690 2143 696 2153 ,
707 2132 802 2152 conra
814 2134 894 2162 quam

95 2152 273 2184 ail‘ertionem
292 2157 418 2185 Andreas
428 2159 465 2186 du
476 2158 567 2189 Sauffai
579 2160 607 2188 in
626 2164 681 2197 ejus
693 2164 822 2202 Panoplia
831 2164 894 2195 scri-

87 2194 142 2233 psit
156 2196 261 2224 erudite
272 2216 280 2223 .
299 2197 423 2226 Summus
441 2200 574 2228 Pontifex
594 2211 695 2238 przter
707 2202 783 2231 usum
802 2214 892 2235 mirrae

91 2235 178 2263 utitur
191 2239 332 2265 Cnmauro
343 2259 351 2271 ,
362 2239 438 2276 quod
447 2240 509 2268 alias
519 2243 649 2280 Regnum
661 2243 778 2272 dicitur:
794 2247 852 2280 [In
862 2247 894 2276 fi-

87 2285 175 2313 gnum
186 2278 303 2315 Imperii
313 2279 444 2308 Pontifex
455 2290 544 2309 utitur
552 2292 648 2321 regn03
661 2294 691 2311 in
704 2284 811 2323 {ignum
823 2288 895 2316 Pon-

89 2314 170 2346 tificis
181 2318 267 2346 utitur
278 2318 360 2348 mitra
371 2341 377 2347 .
402 2322 552 2350 Innocent.
564 2324 620 2351 iii.
633 2322 714 2352 serm.
724 2326 759 2353 de
770 2327 794 2355 S.
807 2327 896 2356 Silve-

86 2355 144 2385 stre
153 2377 160 2385 .
167 2359 184 2393 J
199 2358 272 2388 Vide
283 2360 310 2389 C
311 2370 449 2391 amantum
457 2363 490 2392 in
501 2362 566 2393 di&-
580 2368 649 2393 Cam
655 2365 794 2396 elaucmm
804 2388 811 2395 .
823 2374 881 2407 Epa

391 2475 396 2487 1

1259 31 1307 73 M
1341 33 1361 73 Ι
1619 44 1698 87 443

954 89 1098 126 nochstus.
1121 87 1221 128 Aliqui
1237 99 1355 128 putant,
1373 88 1450 119 usum
1468 90 1547 129 regni
1566 91 1622 120 sive
1632 91 1750 122 camauri

951 138 1076 168 tempore
1086 129 1230 159 Clodovei
1253 131 1374 159 Francis
1387 130 1625 171 Regisincoepiss'e
1636 154 1643 165 ,
1666 143 1751 172 quan—

951 171 989 199 do
999 191 1007 204 ,
1026 169 1132 200 scilicet
1143 191 1152 204 ‚
1173 170 1221 199 ille
1231 172 1293 200 Rex
1303 171 1336 200 ad
1356 171 1439 201 fidem
1451 171 1597 202 conversus
1614 173 1751 203 ornatissi-

951 221 1025 240 mam
1042 221 1174 240 coronam
1191 212 1224 240 ab
1233 212 1405 251 Imperatore
1423 215 1588 243 Graecorum
1607 214 1748 244 Anastasio

950 252 1074 292 accepit,
1092 262 1173 291 quam
1184 251 1275 291 postea
1295 254 1322 282 C
1326 253 1458 282 lodoveus
1469 254 1499 282 in
1518 253 1625 294 signum
1646 255 1751 284 sanctae

950 295 1084 322 Romame
1096 294 1221 322 Ecclefiae
1233 294 1401 323 obedientiae
1413 293 1570 324 Hormisdae
1581 297 1659 334 Papae
1677 296 1754 325 dono

950 335 1041 368 misit,
1064 333 1134 363 utin
1152 334 1217 363 dict.
1232 336 1420 373 Epanocltstus
1439 335 1576 371 diximus,
1593 339 1640 376 qui
1652 336 1754 367 Ponti-

951 375 994 404 fex
1005 385 1128 414 coeperat
1137 385 1267 404 coronam
1277 376 1382 415 gestare
1392 398 1399 404 .
1423 379 1466 406 Ita
1478 377 1568 406 Surius
1585 389 1626 416 ¹3·
1640 380 1752 417 Januar.

951 416 1065 455 Sigiber.
1076 426 1120 444 an.
1135 426 1200 452 550.
1224 417 1275 445 Sed
1284 417 1357 446 hunc
1367 415 1442 446 usum
1454 427 1578 457 tempore
1590 420 1614 448 S.
1628 418 1752 449 Silvestri

949 456 1089 495 incoepisse
1100 455 1178 495 supra
1189 457 1436 487 demonstravimus
1446 479 1453 487 .
1475 459 1592 488 Solitum
1601 470 1658 489 crat
1669 471 1755 500 quan-

949 497 985 526 do
998 497 1129 526 Pontifex
1141 498 1173 526 ad
1186 498 1309 527 Ecclefiae
1319 501 1426 535 januam
1439 500 1633 538 perveniebat,
1645 501 1754 541 deposi—

947 548 978 566 to
989 540 1092 577 Regno
1104 560 1112 571 ‚
1123 537 1227 567 sumere
1239 539 1350 568 mitram
1365 560 1372 567 .
1394 540 1516 570 Cencius
1526 542 1668 571 Camerar.
1688 544 1716 571 in
1726 553 1756 571 e-

947 581 990 614 jus
1011 579 1118 608 Ritunli
1129 600 1136 607 .
1159 579 1326 618 Antiquitus
1343 580 1396 610 hoc
1415 592 1531 621 regnum
1549 584 1629 612 unica
1651 594 1753 612 corona

947 620 1107 658 cingebatur
1121 631 1128 650 ς
1149 616 1197 648 sed
1217 621 1375 650 Bonifatius
1397 624 1484 652 V111.
1511 623 1621 653 addidit
1639 625 1759 663 reliquas

948 660 1013 688 duas
1025 681 1033 693 ,
1052 669 1082 689 ut
1093 660 1240 689 denotaret
1250 662 1360 701 triplice
1371 663 1516 693 Pontificis
1527 665 1685 694 dominium
1695 686 1703 699 ,
1713 676 1758 693 re-

949 711 1026 739 gium
1036 722 1044 734 ,
1066 711 1166 739 nempe
1176 723 1184 734 ,
1206 702 1347 740 imperiale
1357 725 1364 736 ‚
1377 707 1404 732 6:
1414 702 1579 734 sacerdotale
1590 726 1598 733 .
1622 708 1678 736 FR.
1690 707 1756 735 Effi.

949 742 1007 780 gies
1018 743 1120 771 musiva
1130 742 1270 771 Bonifatii
1281 744 1366 772 v111.
1376 744 1463 782 politti
1477 746 1505 774 in
1520 747 1694 776 Laterancnfi
1704 750 1754 776 Ec—

948 782 1028 811 clefia
1047 793 1105 811 non
1115 783 1200 822 longe
1210 793 1243 812 ex
1265 793 1343 822 parte
1354 785 1484 814 interiori
1497 797 1509 814 a
1532 797 1609 825 porta
1622 788 1715 816 saneta
1725 798 1756 816 u·

953 833 1015 851 narn
1034 833 1141 852 tantum
1159 834 1289 852 coronam
1309 825 1339 853 in
1363 835 1490 855 camauro
1507 827 1587 857 habet
1607 830 1644 863 :llz
1663 830 1753 858 Porro

950 864 1109 902 Spondanus
1127 875 1160 894 ex
1174 865 1298 894 Nicolao
1311 865 1469 896 Aleinanno
1489 867 1522 897 de
1531 870 1695 898 Lateranen.
1709 879 1756 908 pa-

948 904 1013 934 riet.
1023 908 1049 933 δι
1060 915 1093 933 ex
1105 904 1232 944 Rogerio
1244 906 1311 935 Abb.
1323 906 1362 935 ait
1372 908 1545 938 Bonifatium
1554 910 1699 939 secundam
1709 921 1759 940 co-

952 955 1050 974 ronam
1058 945 1206 975 addidifle:
1232 947 1343 976 tertiam
1355 958 1423 977 vero
1432 949 1579 979 Urbanum
1591 953 1625 981 V.
1635 951 1710 991 quod
1721 962 1756 981 ex

950 996 984 1014 eo
1003 986 1142 1024 probabile
1152 986 1281 1016 videtur.
1304 989 1375 1018 Nam
1388 990 1509 1027 Joannes
1532 993 1625 1022 XXII.
1644 992 1691 1032 qui
1703 993 1754 1022 luit

948 1028 1038 1055 multo
1050 1027 1110 1065 post
1120 1027 1300 1061 Bonifizcimn,
1310 1029 1375 1058 duas
1387 1039 1493 1060 tantuin
1503 1042 1617 1062 coronas
1629 1033 1658 1062 in
1669 1043 1758 1073 regno

950 1067 1070 1106 gestavit
1083 1089 1090 1100 ‚
1100 1077 1130 1096 ut
1140 1079 1173 1097 ex
1185 1067 1266 1106 ipsius
1276 1069 1402 1108 deposito
1415 1071 1443 1100 in
1458 1074 1654 1103 Avenionensi
1664 1075 1757 1103 Eccle-

951 1108 986 1137 fia
997 1108 1049 1136 sito
1059 1117 1172 1147 apparet
1183 1128 1190 1135 .
1212 1110 1308 1139 Paulus
1319 1121 1410 1140 tamen
1430 1113 1566 1143 Secundus
1577 1125 1631 1143 tres
1650 1116 1758 1154 pretio-

950 1147 1061 1177 fiffimas
1071 1159 1185 1178 coronas
1194 1150 1224 1178 ab
1233 1153 1289 1186 ejus
1300 1153 1521 1183 Antecess'oribus
1531 1155 1715 1194 praeter-millis
1725 1157 1758 1186 in

950 1189 1088 1218 Camauro
1107 1191 1255 1220 renovavit
1265 1212 1273 1224 ,
1295 1202 1324 1220 ac
1346 1193 1496 1224 Nicolaum
1528 1198 1759 1226 Beneventanum

952 1227 1202 1270 Archiepiscopum
1230 1231 1278 1261 usu
1300 1232 1419 1273 triregni
1449 1235 1591 1275 prohibuit
1606 1257 1613 1265 .
1637 1237 1759 1274 Quando

954 1269 1058 1308 primus
1076 1272 1218 1301 Diaconus
1227 1273 1386 1303 cardinalis
1405 1276 1486 1314 ponit
1498 1279 1585 1316 prima
1609 1278 1670 1309 vice
1679 1289 1758 1309 novo

954 1311 1086 1340 Pontifici
1095 1313 1263 1342 Camaurum
1272 1335 1281 1347 ‚
1291 1314 1360 1344 dicit
1370 1315 1430 1345 haec
1442 1319 1521 1346 verba
1533 1331 1539 1347 :
1554 1323 1566 1354 [
1578 1320 1683 1358 Accipe
1693 1318 1755 1349 thi-

952 1361 1024 1380 aram
1034 1352 1119 1381 tribus
1136 1355 1246 1382 coronis
1257 1365 1382 1385 ornatam
1395 1378 1404 1389 ‚
1427 1361 1454 1387 ὃς
1465 1357 1531 1387 scias
1548 1370 1576 1389 te
1585 1359 1636 1390 esse
1646 1363 1758 1391 Patrem

952 1392 1113 1431 Principum
1124 1415 1132 1427 ‚
1153 1398 1180 1423 δ(
1193 1397 1303 1434 Regum
1314 1418 1321 1429 ‚
1332 1397 1469 1427 Pastorem
1480 1400 1553 1429 orbis
1565 1401 1675 1431 interra
1685 1423 1692 1435 ‚
1705 1402 1759 1431 Vi·

951 1432 1055 1462 carium
1066 1435 1217 1464 Salvatoris
1236 1437 1330 1466 Nostri
1342 1437 1405 1475 Jesu
1416 1439 1522 1468 Christi
1535 1462 1543 1473 ,
1562 1441 1604 1469 cui
1614 1442 1652 1471 est
1663 1441 1759 1472 honor

952 1473 983 1502 in
991 1473 1086 1503 saecula
1094 1475 1256 1505 saeculorum
1267 1498 1275 1505 .
1299 1481 1390 1507 Amen
1400 1499 1407 1506 .
1421 1482 1433 1511 ]
1459 1480 1542 1509 Mitra
1551 1491 1642 1511 autem
1651 1483 1759 1522 fignifi-

953 1523 995 1542 cat
1006 1513 1112 1544 Christi
1121 1516 1350 1547 resurrestionem
1368 1520 1403 1548 ob
1413 1521 1596 1550 Constantini
1609 1524 1651 1552 Im
1657 1535 1682 1563 p.
1693 1535 1758 1554 ver·

954 1555 985 1583 ba
994 1554 1072 1594 supi-:i
1082 1557 1194 1586 addufta
1206 1578 1215 1586 .
1237 1560 1311 1587 Item
1321 1557 1468 1589 secundum
1483 1563 1632 1593 Innocent.
1642 1566 1701 1594 111.
1724 1565 1758 1595 fi-

953 1595 1067 1634 gnificat
1085 1599 1318 1637 magnificentiam
1330 1599 1436 1629 Christi
1450 1613 1457 1633 ς
1480 1603 1535 1631 duo
1557 1613 1658 1634 cornua
1669 1606 1758 1635 deno-

953 1646 1014 1666 tant
1033 1636 1177 1668 scientiam
1187 1639 1328 1678 utriusque
1349 1642 1504 1671 testamenti
1516 1666 1523 1677 ‚
1542 1654 1603 1683 quae
1613 1646 1691 1675 debet
1701 1645 1757 1676 res-

953 1678 1084 1716 plendere
1096 1680 1124 1707 in
1144 1681 1394 1710 Ecclesiasticorum
1413 1684 1551 1713 Pastorum
1566 1687 1656 1724 capite
1665 1709 1673 1721 ‚
1696 1688 1759 1719 duae

953 1717 1041 1748 fasciae
1061 1718 1142 1758 super
1151 1719 1278 1750 hume-:os
1290 1724 1440 1761 pendentes
1451 1722 1607 1760 symbolum
1629 1727 1692 1757 sunt
1701 1728 1760 1768 spi-

954 1760 1021 1788 ritus
1034 1782 1041 1793 ‚
1051 1771 1079 1788 ac
1092 1762 1191 1790 littera:
1203 1762 1232 1790 in
1242 1762 1339 1792 divina
1352 1765 1488 1803 Scriptura
1502 1766 1681 1803 absconditae,
1691 1771 1756 1809 quia

952 1799 1053 1829 Praesul
1064 1801 1144 1830 debet
1157 1802 1236 1841 super
1245 1803 1372 1834 humeros
1383 1815 1494 1843 portare
1507 1817 1597 1837 totum
1608 1810 1635 1838 id
1650 1832 1657 1843 ‚
1681 1812 1758 1850 quod

952 1851 1000 1869 ore
1009 1841 1108 1871 docet.-
1132 1843 1192 1872 haec
1205 1845 1329 1881 praefatus
1349 1848 1498 1875 Innocent.
1509 1859 1566 1887 cap.
1581 1861 1624 1885 50.
1646 1852 1757 1881 Habent

951 1881 1028 1910 usum
1040 1885 1132 1912 Mitrae
1146 1895 1178 1913 ex
1190 1884 1279 1914 serico
1292 1887 1351 1915 albo
1362 1888 1524 1917 Cat-dinales
1534 1900 1567 1919 ex
1578 1891 1755 1923 concessione

953 1924 1030 1952 Pauli
1044 1925 1083 1952 ΙΙ.
1106 1925 1217 1962 quando
1227 1925 1304 1955 sacris
1316 1930 1482 1965 paramentis
1491 1927 1553 1959 sunt
1565 1931 1656 1961 induti
1667 1954 1674 1960 .
1697 1937 1758 1963 An-

954 1964 1007 1991 nal.
1019 1965 1167 1994 Ecclesiast.
1181 1976 1244 1994 ann.
1263 1975 1346 2003 ¹4⁶4·
1359 1968 1488 2007 Episcopi
1499 1973 1592 2000 Graeci
1607 1984 1665 2002 non
1675 1983 1758 2004 utun-

953 2014 998 2032 tur
1008 2005 1089 2033 mitra
1099 2027 1108 2038 ‚
1128 2016 1246 2044 excepto
1258 2018 1349 2036 tamen
1370 2010 1564 2041 Alexandrino
1576 2014 1733 2044 patriarcha
1747 2037 1757 2049 ‚

951 2054 982 2072 ut
994 2045 1097 2074 dictum
1107 2048 1145 2074 est
1156 2046 1233 2085 supra
1246 2069 1253 2075 .
1276 2049 1402 2078 Rutheni
1413 2050 1596 2083 nihilominus
1614 2056 1754 2086 Sarmatiae

953 2088 1086 2124 Europeae
1098 2086 1225 2126 Episcopi
1240 2088 1328 2118 ferunt
1339 2100 1448 2120 mitram
1461 2094 1605 2123 rotundum
1617 2097 1698 2125 variis
1711 2108 1756 2126 or-

953 2128 1091 2155 namentis
1109 2128 1265 2156 decoratam
1278 2151 1286 2162 ,
1309 2131 1456 2171 eademque
1476 2133 1561 2163 forma
1572 2135 1756 2167 Moschorum

951 2166 1022 2205 Epis·
1033 2177 1079 2206 opi
1092 2179 1205 2197 utuntur
1217 2191 1223 2201 ,
1246 2169 1293 2198 scd
1305 2171 1378 2210 nigri
1390 2173 1490 2202 coloris
1503 2186 1510 2205 ς
1533 2186 1650 2215 excepto
1661 2188 1755 2207 tamen

949 2208 1163 2246 Noaogradenfi
1182 2209 1320 2248 Episcopo
1332 2235 1338 2245 ,
1362 2223 1436 2250 cujus
1446 2215 1526 2244 mitra
1536 2217 1592 2245 alba
1602 2220 1639 2246 est
1653 2240 1658 2250 ,
1681 2222 1709 2247 δέ
1721 2220 1754 2248 ad

951 2247 1067 2277 formam
1079 2251 1239 2278 Latinorum
1250 2251 1447 2292 Episcoporum
1459 2276 1465 2282 .
1489 2257 1535 2285 De
1549 2258 1696 2286 Abbatibus
1706 2259 1754 2288 ha-

950 2289 1071 2318 bentibus
1083 2290 1157 2318 usum
1171 2292 1260 2319 mitrae
1272 2314 1279 2325 ,
1291 2293 1392 2323 dictum
1403 2296 1441 2324 est
1453 2297 1482 2324 in
1491 2297 1557 2325 dist.
1568 2299 1673 2327 Abbas.
1686 2301 1755 2329 Sunt

949 2338 1081 2367 prxterea
1101 2332 1194 2360 mults:
1204 2331 1387 2363 Cathedrales
1399 2357 1406 2369 ,
1430 2336 1459 2364 in
1476 2339 1572 2376 quibus
1593 2340 1754 2374 canonici,

949 2372 995 2401 vel
1005 2372 1168 2411 Dignitates
1180 2383 1213 2402 ex
1225 2373 1336 2406 indulto
1346 2377 1425 2416 Papa:
1438 2376 1513 2408 usum
1523 2380 1612 2409 mitra:
1633 2379 1733 2409 habent
1743 2403 1752 2417 ‚

1682 2430 1711 2451 ut
