1866 2526
487 10 604 54 AD

149 29 201 59 22

137 83 235 104 mutuo
251 71 326 100 inter
343 68 388 103 se,
405 72 433 98 ὅ(
455 70 594 109 aptiss'ime
612 69 771 101 cohaerent.
794 70 936 112 Quisquis!

133 115 210 144 enim
219 113 329 143 diabolo
340 112 482 140 renuntiat
491 117 519 141 ὅ(
531 112 634 141 mundo
647 134 655 145 ‚
666 112 688 139 is
699 111 726 141 se
737 113 790 142 hoc
802 113 861 151 ipso
873 114 925 142 ffli-

132 156 213 186 litem
224 160 251 184 ὃ(
263 152 372 184 servum
385 154 490 190 Christo
500 152 666 192 adscriptum
676 156 746 192 profi
750 165 823 184 tetur
831 175 838 183 .
859 157 924 185 Un-

134 197 170 227 de
181 195 341 234 Ambrosius
361 195 395 223 de
415 194 658 223 abrenuntiatione
676 196 791 235 loquens
803 218 811 229 ,
834 198 865 226 de
875 204 923 227 Sa-

134 249 220 268 cram.
242 237 261 265 l.
278 248 301 265 1.
319 248 342 264 c.
355 247 381 266 ι.
400 245 481 264 vocat
500 235 594 269 illam,
617 237 775 274 promissum
787 261 794 272 ‚
818 240 922 266 cautio-

132 289 196 308 nem
209 299 217 311 ,
238 282 267 307 &
276 275 492 316 chirographum
505 278 569 305 Deo
576 277 670 306 datum
682 300 690 311 ,
712 280 787 317 quod
798 279 828 306 in
837 280 922 308 Coelo

130 328 261 348 teneatur
272 330 278 346 ι
290 317 353 357 quia
363 318 416 346 hoc
427 317 586 356 promifliim
597 329 689 347 coram
701 320 828 349 ministro
840 322 922 350 Chri—

126 362 165 398 sti
178 382 186 393 ,
209 364 237 389 ὃ(
247 359 353 398 angelis
364 362 419 396 ejus
431 380 439 391 ‚
462 358 542 395 hujus
551 359 591 388 rei
601 360 712 389 testibus
723 383 731 394 ‚
751 362 850 390 fassum
868 362 900 390 fit
912 382 918 389 .

131 402 222 436 Quam
240 401 274 429 ob
291 398 396 429 causam
415 401 470 428 alio
489 400 570 433 loco,
593 402 667 430 idem
684 404 716 430 de
735 406 846 431 initiat.
857 413 880 431 e,
894 414 919 431 ι.

132 452 232 471 vocem
242 441 428 470 renuntiantis
440 452 498 470 non
510 442 539 470 in
549 443 657 471 tumulo
668 453 839 472 mortuorum
850 465 858 477 ,
871 444 919 472 sed

132 482 163 511 in
181 483 252 512 libro
272 482 431 511 viventium
453 483 541 511 teneri
560 484 647 512 dicit.
670 486 843 522 Augustinus
856 507 864 518 ,
887 486 919 513 de

126 524 245 563 symbolo
255 524 274 552 1.
288 535 314 553 2.
325 534 348 551 c.
364 523 590 561 i.pr0fessi0nem
609 525 648 553 ait
667 525 696 553 in
706 525 808 553 curiam
828 526 918 564 prola-

132 574 190 594 tam
209 564 380 603 angelicam,
404 568 432 592 δε
452 565 564 593 nomina
584 565 778 603 profitentium
799 567 828 594 in
847 567 918 595 libro

131 605 225 644 excipi
235 605 300 634 vitae
314 616 373 633 non
383 615 397 633 a
408 605 532 643 quolibet
541 605 656 634 homine
667 628 675 639 ‚
697 607 744 636 sed
756 618 769 636 a
778 606 918 646 superiore

127 646 240 676 toelitus
259 646 411 684 potestate.
434 650 635 686 Hieronymus,
659 653 763 677 Comm.
782 652 813 676 in
832 653 918 678 Amos

126 693 159 718 ,6.
175 699 219 723 14.
238 687 458 724 paetuminitum
481 698 542 716 cum
551 687 608 716 sole
626 689 739 724 justitiae
759 700 916 728 nuncupat,

128 738 186 767 quo
197 725 381 756 eiservituros
390 738 441 755 nos
461 727 511 756 este
533 729 740 766 promittimus.
765 733 857 769 Atque
880 730 918 758 ita

128 768 243 807 quidem
252 769 286 797 de
298 767 348 796 hac
358 769 517 799 ceremonia
529 770 652 808 loquitur
664 792 672 803 ,
696 781 725 799 ut
742 773 831 800 anum
852 782 865 799 a
877 782 919 799 re-

127 809 306 839 nuntiatione
316 809 477 838 distincium
487 809 539 838 effe
548 811 674 840 ostendat
685 833 693 845 ‚
716 813 783 840 licet
806 823 919 850 utraque

122 850 284 883 ,ceremonia
293 851 327 879 ad
347 851 474 879 eumdem
494 851 580 880 finem
599 853 695 881 tendat
707 874 714 885 ,
738 855 800 892 quia
819 853 919 882 diversi

129 890 199 919 ritus
213 902 243 920 in
252 891 308 919 illis
318 891 507 930 exprimendis
526 892 741 922 adhibebantur.
765 897 838 923 Nam
861 894 918 923 dia—

127 932 193 960 bolo
212 932 404 960 renuntiabant
422 933 455 961 ad
466 933 651 963 Occidentem
671 934 875 973 prosped‘tantes
885 945 917 962 ex

131 972 284 1001 rationibus
308 973 469 1008 symbolicis
480 995 488 1006 ‚
511 973 546 1002 de
573 975 669 1013 quibus
690 975 768 1014 supra
782 987 789 1006 ς
815 977 920 1012 christo

127 1024 220 1042 autem
230 1013 258 1043 se
269 1013 455 1045 adscribebant
465 1015 534 1043 verfi
545 1014 575 1043 in
585 1016 737 1045 Orientem
749 1039 755 1049 ,
780 1026 918 1055 tamquam

127 1055 263 1084 emblema
285 1056 370 1088 lucis,
393 1065 475 1094 quam
495 1066 509 1083 a
531 1055 588 1084 sole
604 1057 716 1093 justitiae
727 1058 897 1095 recipiebant
910 1078 917 1089 ,

127 1095 193 1124 dum
205 1099 260 1132 ejus
272 1095 400 1131 dominio
409 1095 436 1125 se
447 1095 474 1124 se
485 1095 681 1126 submittebant
690 1119 696 1126 .
722 1099 738 1132 Η
763 1100 831 1126 Haec
851 1109 919 1126 con-

128 1136 260 1170 fioerudo,
284 1148 336 1175 qua
355 1138 385 1165 in
402 1137 541 1165 orientem
553 1136 580 1165 se
600 1139 743 1168 vertebant
756 1160 763 1170 ‚
786 1139 918 1167 obedien-

124 1177 195 1207 tiam
205 1176 322 1206 Christo
335 1178 532 1216 promittentes
547 1199 555 1210 ,
577 1179 719 1216 Ambrosio
738 1189 847 1217 quoque
858 1201 865 1211 ‚
889 1183 915 1207 §c

124 1219 232 1258 'cyrillo
249 1220 496 1256 Hierosolymitano
517 1228 686 1247 memoratur
698 1231 705 1249 ἢ
729 1220 771 1249 cui
789 1220 832 1248 illi
853 1221 916 1248 duas

127 1259 273 1298 adsignant
286 1259 404 1289 rationes
417 1280 423 1287 .
449 1260 572 1293 Quarum
582 1260 694 1288 alteram
704 1258 844 1299 discipulis
863 1260 915 1289 suis

129 1310 243 1329 narrant
266 1301 387 1338 Cyrillus
398 1322 406 1333 ‚
430 1301 542 1329 Catech.
565 1302 705 1339 mystagog,
731 1312 753 1329 1.
778 1312 805 1329 n.
824 1308 850 1330 6.
874 1301 916 1329 in-

124 1341 223 1380 quiens
234 1363 243 1375 ,
252 1343 461 1382 ,Quumsatana
475 1344 684 1370 renuntiaveris
694 1354 705 1375 ,·
719 1342 753 1375 ζέ-
764 1353 841 1372 omne
853 1352 914 1371 cum

127 1383 175 1410 illo
190 1385 302 1419 pallum
322 1382 486 1419 resciderisJ
509 1392 636 1415 veteres,
659 1393 794 1421 mquam,
814 1385 917 1421 pallio-

129 1434 177 1451 nes
188 1434 251 1452 cum
263 1422 371 1461 inferno
384 1436 392 1451 .·
404 1426 528 1460 aperitur
538 1423 591 1450 tibi
598 1424 747 1460 paradtsus
758 1427 822 1456 Dei,
836 1434 917 1463 quem

127 1465 181 1501 ipse
192 1465 231 1491 ad
240 1467 381 1492 Orientem
389 1464 539 1501 plantavit
549 1478 557 1491 .·
577 1465 766 1502 Undepropter
787 1465 917 1493 mandati

126 1504 309 1533 violationem
322 1508 430 1541 primus
446 1512 545 1541 parc-ns
555 1506 639 1540 noster
653 1505 750 1542 pulsus
762 1506 797 1541 est
816 1509 846 1533 in
857 1507 917 1533 exi-

127 1545 200 1573 lium
211 1565 218 1572 .
243 1551 280 1574 Et
291 1545 373 1581 hujus
386 1548 425 1573 rei
429 1545 583 1584 symbolum
595 1546 631 1580 est
640 1566 647 1577 ,
670 1556 756 1583 quum
766 1546 801 1574 ab
810 1546 916 1582 {occasu

127 1589 297 1614 converteris
317 1586 355 1614 mi
373 1595 482 1617 ortum,
505 1596 559 1623 qua
580 1586 651 1613 lucis
661 1587 697 1621 est
709 1589 794 1623 regio.
817 1586 915 1615 Altera

126 1626 202 1654 ratio
212 1636 269 1655 erat
279 1648 287 1659 ,
309 1626 385 1664 quod
393 1626 433 1654 sol
445 1626 537 1654 oriens
549 1624 704 1661 symbolum
715 1625 778 1654 efl'et
797 1626 862 1655 solis
871 1630 913 1662 ju-

126 1666 210 1695 stitiae
223 1689 232 1700 ‚
255 1668 289 1696 ad
299 1677 380 1705 quem
399 1670 453 1703 jam
464 1677 478 1695 a
496 1668 600 1695 Satanae
614 1667 750 1704 potestate
767 1677 915 1696 converte-

124 1707 242 1736 bantur.
265 1709 314 1737 Ad
323 1711 455 1736 orientem
473 1711 641 1737 converteris
653 1729 660 1740 ,
683 1707 775 1746 inquit
795 1710 913 1738 Ambro-

120 1747 180 1784 stus
192 1770 200 1781 ‚
223 1749 255 1777 de
267 1751 378 1776 initiat.
389 1760 411 1776 c.
425 1760 451 1777 2.
470 1759 517 1788 qm
537 1752 610 1776 enim
621 1753 769 1777 renuntiat
788 1750 894 1778 diabolo
905 1771 913 1782 ‚

125 1789 164 1816 ad
176 1790 316 1825 Christum
326 1793 501 1818 convertitur
511 1809 518 1816 .
543 1789 648 1826 Quibus
671 1790 759 1818 verbis
782 1791 830 1818 ille
852 1800 914 1818 cum

126 1832 291 1870 Hieronymo
302 1829 442 1868 perspicue
461 1829 583 1862 indicat,
606 1830 680 1868 quod
701 1831 850 1859 collocatio
868 1842 915 1860 eo-

125 1879 186 1898 rum
197 1870 348 1899 Orientem
359 1870 449 1898 versus
458 1869 614 1905 symbolum
625 1871 706 1899 suerit
725 1872 914 1901 convcrfionis

126 1910 263 1939 :idiabolo
280 1912 313 1939 ad
325 1910 488 1944 Christum,
511 1910 564 1939 hoc
576 1911 631 1943 est,
655 1923 668 1939 a.
691 1912 809 1941 tenebris
829 1913 862 1941 ad
872 1913 913 1941 lu>

122 1960 184 1986 cem
197 1972 204 1983 ,
227 1953 324 1980 acultu
336 1952 476 1980 idolorum
485 1952 519 1981 ad
529 1953 634 1981 cultum
654 1955 709 1987 ejus
720 1974 727 1985 ,
750 1953 796 1991 qui
815 1952 855 1981 sol
875 1954 913 1982 est

124 1990 258 2027 justitiae,
280 1996 308 2021 ὅ(
326 1993 407 2031 origo
428 1993 512 2021 lucis.
537 1994 553 2027 ΙΙ
583 1994 656 2021 Cum
675 1992 724 2020 hac
744 1994 911 2022 obedientiae

123 2031 305 2069 stipulatione
315 2033 446 2071 professio
465 2034 548 2062 etiam
560 2033 626 2062 fidei
644 2033 832 2072 abaptizando
853 2035 913 2062 exi-

124 2072 256 2111 gebatur.
281 2075 348 2102 Htec
367 2073 498 2112 professio
523 2073 621 2106 iisdem
644 2075 733 2102 verbis
756 2075 881 2109 symboli
903 2097 911 2108 ,

123 2113 201 2151 quod
218 2113 248 2141 in
258 2115 374 2143 Ecclesia
387 2116 507 2153 qualibet
529 2115 560 2143 in
570 2114 843 2144 Catechumenorum
868 2115 911 2143 in-

122 2153 298 2182 stitutionem
307 2154 484 2185 adhibebatur
493 2178 500 2188 ,
514 2155 621 2184 edenda
631 2165 689 2184 erat
699 2176 706 2183 .
717 2157 837 2183 Primum
851 2157 909 2194 qui-

124 2194 189 2222 dem
201 2195 231 2222 id
241 2195 409 2224 Catechistis
428 2197 560 2234 privatim
571 2218 579 2229 ,
602 2201 630 2225 ὃ(
641 2196 742 2225 deinde
753 2196 860 2234 publice
880 2197 910 2225 in

124 2234 260 2268 Ecclesia,
284 2237 394 2274 quando
404 2236 570 2265 nominastis
589 2237 724 2275 baptismo
744 2238 878 2265 dederant
900 2259 908 2270 ,

125 2275 240 2304 recitare
251 2276 394 2305 debebant.
404 2279 539 2306 Praeterea
549 2277 700 2306 solemnem
713 2276 909 2316 professionem

122 2321 248 2354 tempore
258 2316 385 2355 baptismi
402 2317 489 2346 facere
500 2339 508 2351 ‚
521 2323 547 2347 ἃ
560 2319 593 2347 ad
603 2318 722 2347 diversas
734 2319 907 2358 quaestiones,

123 2365 188 2396 quas
198 2357 236 2386 eis
255 2358 381 2397 Ecclesix
399 2359 525 2389 minister
543 2361 735 2400 proponebat,
758 2358 907 2390 secundum

1256 17 1370 57 AD

981 70 1102 101 diversas
1112 71 1250 110 symboli,
1271 72 1405 103 summam
1415 72 1571 103 christianae
1592 74 1657 105 fidei
1675 74 1771 106 conti-¹

980 113 1073 142 nentis
1085 135 1092 146 ,
1115 125 1202 154 partes
1211 138 1219 150 ‚
1242 115 1372 145 distinete
1393 113 1561 154 respondere
1580 118 1740 153 jubebantur
1759 137 1768 146 .

980 159 1067 184 Erant
1077 157 1189 193 quidem
1199 157 1349 195 Augustini
1359 167 1486 196 tempore
1496 179 1506 191 ,
1526 158 1574 198 qui
1588 159 1770 198 quemadmo-

979 197 1044 226 dum
1053 199 1081 224 &
1091 197 1288 234 professionem
1300 198 1467 235 obedientiae
1479 208 1513 227 ex
1533 209 1602 228 voto
1613 197 1769 238 baptismali

978 238 1089 266 eludere
1101 259 1109 270 ‚
1131 239 1169 268 ita
1190 243 1218 268 &
1239 239 1304 268 fidei
1315 239 1513 278 professionem
1534 240 1692 270 diminuere
1701 262 1710 274 ‚
1733 239 1769 269 :id

978 278 1050 307 hunc
1065 290 1148 308 unum
1157 279 1245 308 solum
1256 280 1402 309 articulum
1412 302 1420 314 ‚
1442 282 1519 310 credo
1528 282 1626 318 filium
1644 285 1699 311 Dei
1719 282 1769 318 effe

972 321 1070 356 Jesum
1081 321 1220 358 Christum
1234 342 1243 354 ,
1265 321 1394 351 reducere
1416 321 1546 351 volebant
1557 342 1565 350 .
1588 324 1625 351 In
1643 332 1717 358 cuius
1726 321 1766 350 rei

976 363 1094 399 gratum
1104 362 1137 390 acl
1147 362 1304 400 exemplum
1316 363 1502 400 provocabant
1521 363 1641 401 Phihppi
1650 385 1659 397 ‚
1682 373 1769 392 eunu-

974 401 1058 430 chum
1068 403 1100 431 ad
1109 401 1181 431 hanc
1188 404 1300 432 brevem
1307 403 1505 433 confeffionem
1515 403 1768 442 baptizantis,Aug.

975 444 1064 480 defid.
1075 444 1109 477 &¹
1118 453 1183 482 oper.
1194 455 1216 472 c.
1229 455 1257 481 9.
1269 448 1297 474 ὅ(
1307 444 1341 472 ad
1350 445 1419 474 illud
1429 447 1511 473 Pauli
1528 449 1616 474 1.Cor.
1628 457 1654 474 ε..
1670 457 1695 474 2·
1707 450 1767 474 Non

968 485 1061 521 statui
1071 488 1223 524 quicquam
1229 486 1303 521 scire
1314 488 1389 514 inter
1403 496 1449 514 vos
1457 486 1768 523 nifiJesumChrzstum,

976 524 1010 557 ό»
1019 526 1093 554 hunc
1102 527 1437 566 crucifixum-Numquam
1448 535 1542 555 tamen
1551 525 1604 555 hoc
1613 526 1691 555 suum
1700 536 1768 555 con-

975 565 1065 594 silium
1075 565 1104 594 in
1115 566 1240 596 effestum
1251 568 1385 597 deducere
1403 567 1536 596 audebant
1550 577 1556 597 ς
1579 565 1626 597 scd
1637 567 1766 606 quaestio—

976 617 1022 634 nes
1036 606 1123 635 facere
1134 609 1285 647 pergebant
1294 609 1329 637 de
1340 609 1401 637 aliis
1410 608 1493 636 etiam
1504 607 1625 636 articulis
1637 629 1644 641 ,
1668 618 1697 636 ut
1712 611 1763 636 Ec-

973 648 1050 676 clefia
1061 647 1199 677 adsolebat
1211 671 1218 683 ‚
1240 650 1275 678 de
1286 649 1391 688 Spiritu
1411 650 1510 678 SanCto
1520 671 1529 683 ‚
1551 648 1587 677 de
1608 648 1766 677 remissione

975 698 1148 726 peccatorum
1159 711 1167 722 ,
1189 691 1223 719 de
1235 690 1433 720 resurreetione
1444 700 1618 719 mortuorum
1631 711 1639 723 ,
1661 690 1697 718 de
1717 691 1766 718 In—

975 730 1136 758 carnatione
1155 729 1263 760 Christi
1274 753 1282 764 ,
1305 732 1339 760 de
1359 730 1482 770 paffione
1502 742 1557 767 ejus
1579 735 1607 760 ὃ(
1625 739 1713 759 morte
1735 729 1767 757 in

975 780 1054 799 cruce
1065 792 1073 803 ,
1095 771 1129 799 de
1148 770 1285 810 sepultura
1295 777 1323 801 <Sc
1342 771 1544 801 resurrectione
1566 772 1596 800 in
1607 771 1653 800 die
1664 769 1745 800 tertia
1755 790 1765 804 ‚

975 812 1008 841 de
1018 810 1174 840 ascensione
1183 813 1256 842 illius
1267 819 1295 842 &
1312 812 1430 842 seffione
1449 813 1482 842 ad
1492 814 1635 842 dexteram
1657 810 1764 841 Patris5

976 862 1036 892 quae
1049 853 1283 892 interrogationes
1292 864 1387 883 omnes
1398 855 1435 883 ita
1448 852 1601 883 necessariae
1619 852 1767 881 credeban-

975 903 1020 922 tur
1030 915 1037 926 ,
1047 903 1076 921 ut
1088 904 1121 922 nc
1132 895 1244 932 quidem
1255 895 1284 923 in
1294 895 1431 933 baptismo
1441 897 1623 927 clinicorum,
1635 894 1683 933 qui
1693 893 1766 921 leno

975 935 1168 963 decumbentes
1188 939 1215 964 ἃ
1236 937 1335 975 aegroti
1363 936 1574 975 baptizabantur
1592 957 1600 968 ,
1631 945 1674 963 eas
1694 944 1763 971 prse-

976 975 1141 1005 termitteret
1174 977 1290 1007 Ecclesia
1307 998 1315 1005 .
1348 979 1422 1006 Nam
1441 999 1449 1011 ‚
1482 976 1500 1005 si
1520 976 1596 1014 loqui
1625 974 1730 1013 possent
1755 993 1764 1005 ,

975 1016 1025 1054 ipsi
1047 1026 1096 1054 per
1115 1016 1143 1045 se
1161 1018 1195 1046 ad
1212 1019 1308 1046 cuncta
1329 1017 1533 1055 respondebant
1546 1037 1554 1048 ‚
1578 1015 1620 1044 uti
1630 1016 1762 1052 Auguste-

975 1067 1027 1085 nus
1040 1078 1048 1089 ,
1070 1058 1137 1085 ibid.
1156 1059 1247 1086 auftor
1269 1058 1327 1091 est,
1351 1059 1456 1087 etiamsi
1479 1068 1509 1085 ea
1521 1055 1663 1085 memoriae
1683 1065 1764 1083 man-

974 1097 1038 1125 dare
1060 1108 1116 1126 non
1136 1098 1299 1129 valuifl'ents
1324 1100 1408 1134 Quod
1437 1099 1456 1128 si
1486 1097 1620 1126 sermonis
1639 1096 1700 1125 usus
1721 1095 1762 1123 eis

974 1137 1077 1165 ablatus
1087 1138 1151 1166 css'et
1162 1161 1170 1171 ,
1189 1138 1336 1177 sponsores
1345 1148 1396 1177 pro
1406 1140 1466 1177 ipsis
1478 1137 1680 1176 respondebant
1690 1158 1698 1169 ,
1721 1135 1763 1164 uti

973 1188 1024 1216 pro
1034 1178 1182 1207 infantibus
1205 1178 1329 1207 solebant
1341 1200 1348 1206 .
1372 1180 1417 1208 Ut
1438 1179 1506 1207 adeo
1528 1178 1694 1217 Baptizandi
1712 1176 1763 1205 hac

975 1220 1019 1247 vel
1040 1219 1087 1247 illa
1106 1220 1214 1248 ratione
1226 1221 1367 1259 integrum
1377 1219 1538 1255 Symbolum
1558 1218 1757 1249 recitaverint,

972 1263 999 1288 δι
1019 1260 1132 1298 {iugulis
1151 1264 1208 1296 ejus
1227 1262 1346 1299 partibus
1365 1259 1495 1289 assensnm
1515 1259 1702 1298 praebuerint.
1725 1261 1762 1286 Et

973 1299 1031 1330 haec
1042 1303 1095 1336 jani
1106 1301 1136 1328 ab
1151 1302 1348 1339 Apostolorum
1368 1301 1537 1338 temporibus
1547 1321 1554 1333 ,
1574 1299 1631 1328 imo
1640 1300 1702 1337 ipsis
1713 1298 1762 1327 ad-

972 1340 1025 1370 huc
1035 1341 1205 1375 viventibus,
1217 1340 1323 1380 semper
1333 1342 1458 1371 Ecclefiae
1469 1340 1560 1380 praxis
1572 1339 1624 1368 fiiit
1637 1360 1644 1367 .
1658 1342 1762 1376 Quam—

971 1392 1052 1420 quam
1062 1382 1137 1411 enim
1149 1383 1238 1411 nullus
1246 1384 1314 1412 alius
1326 1383 1457 1412 articulus
1474 1380 1642 1419 in{Eunuchi
1661 1379 1765 1419 baptis.

972 1434 1018 1452 mo
1040 1433 1221 1456 memoratur,
1249 1425 1298 1454 nili
1318 1434 1371 1461 quo
1386 1425 1483 1461 josum
1507 1423 1647 1457 Christum
1662 1423 1762 1459 filium

972 1469 1026 1494 Dei
1048 1465 1095 1502 effe
1113 1465 1240 1503 prosessus
1259 1466 1317 1498 est,
1340 1475 1454 1497 tamen,
1477 1472 1508 1492 ut
1519 1464 1693 1504 Atcgustznas
1713 1472 1760 1489 eo-

971 1506 1035 1534 dem
1048 1507 1110 1534 loco
1120 1505 1244 1544 loquitur
1256 1528 1264 1539 ‚
1287 1510 1318 1534 in
1336 1517 1363 1534 eo
1383 1505 1453 1544 quod
1473 1507 1517 1532 ait
1536 1509 1549 1537 (
1569 1504 1709 1540 Scriptura
1728 1505 1761 1533 )‚

971 1547 1138 1584 baptizavit
1148 1557 1209 1575 eum
1219 1548 1358 1584 Philippus
1371 1567 1378 1578 ,
1401 1545 1522 1581 intelligi
1531 1545 1625 1572 voluit
1636 1563 1644 1575 ,
1662 1543 1759 1580 imple—

971 1597 1003 1616 ta
1012 1588 1060 1624 effe
1079 1591 1182 1620 omnia,
1194 1599 1249 1627 qua
1259 1589 1325 1616 licet
1337 1595 1487 1617 taceantur
1497 1595 1527 1612 m
1537 1586 1686 1621 Scripturt's
1694 1593 1760 1620 gra-

972 1632 1016 1656 tia
1042 1629 1195 1657 brevitatis
1216 1649 1224 1661 ‚
1255 1637 1350 1657 tamen
1373 1629 1446 1664 ferte
1472 1626 1636 1653 traditionis
1652 1624 1761 1660 scimus

971 1674 983 1702 (
995 1669 1024 1696 in
1033 1668 1191 1706 baptismo)
1212 1669 1353 1706 implenda
1364 1687 1371 1694 .
1383 1671 1418 1696 Et
1427 1666 1491 1694 sane
1502 1666 1532 1694 in
1540 1665 1666 1694 omnibus
1676 1685 1684 1696 ,
1696 1673 1758 1702 quae

970 1710 1004 1737 cle
1014 1708 1148 1747 baptismo
1159 1711 1275 1738 Veteres
1291 1707 1421 1746 scripsere
1432 1729 1440 1740 ,
1464 1704 1584 1745 expressa
1593 1705 1671 1741 hujus
1689 1714 1758 1747 con-

970 1749 1123 1778 suetudinis
1134 1759 1240 1778 inentio
1254 1749 1368 1778 habetur
1378 1771 1385 1781 ,
1396 1759 1448 1787 qua
1459 1746 1625 1785 Baptizandi
1642 1744 1674 1773 se
1683 1744 1759 1788 chri-

971 1790 1064 1819 stianae
1076 1791 1221 1830 religionis
1231 1791 1369 1819 dostrinas
1379 1811 1387 1822 ,
1410 1789 1456 1817 vel
1466 1787 1622 1826 generatim
1645 1787 1674 1814 in
1684 1786 1757 1828 Scrlf

973 1832 1060 1869 pturis
1069 1833 1183 1861 traditas
1193 1853 1200 1864 ,
1223 1831 1268 1859 vel
1277 1828 1434 1859 summatim
1456 1829 1485 1856 in
1496 1828 1618 1856 articulis
1627 1825 1758 1862 symboli

972 1871 1182 1910 comprehensas
1194 1894 1201 1904 ‚
1213 1872 1324 1900 credere
1334 1869 1443 1909 professi
1456 1869 1509 1898 sint
1524 1870 1664 1905 „Iustinus
1677 1872 1757 1896 Mar-

969 1921 1032 1949 tyr,
1054 1915 1132 1951 Apol.
1148 1926 1173 1942 ι.
1195 1913 1283 1944 dicit,
1305 1911 1452 1948 homines,
1474 1919 1622 1978 anteguam
1642 1918 1758 1946 regene-

970 1950 1066 1983 rentur
1076 1975 1083 1986 ,
1107 1952 1243 1992 persuasos
1256 1952 1306 1981 ess'e
1316 1962 1446 1990 oportere
1458 1955 1484 1979 &
1496 1961 1540 1978 cre
1562 1960 1608 1978 erc
1620 1971 1627 1982 ,
1641 1959 1705 1977 vera
1716 1947 1758 1976 es-

970 1992 997 2021 se
1011 2016 1017 2026 ,
1040 2004 1100 2032 qux
1120 1994 1151 2022 ab
1162 1993 1344 2023 Antistitibus
1355 1993 1501 2024 traduntur
1513 1995 1540 2019 ὅ(
1550 1991 1680 2020 dicuntur
1691 2001 1702 2022 ;
1726 1998 1755 2016 ac

969 2035 1091 2073 recipere
1101 2056 1109 2067 ,
1129 2033 1156 2062 se
1169 2035 1204 2062 ita
1219 2033 1291 2072 poss'e
1311 2045 1339 2062 ac
1362 2034 1434 2062 velle
1447 2033 1543 2062 vivere
1553 2052 1559 2059 .
1582 2034 1735 2068 Cyprianus
1746 2049 1755 2061 ,

969 2081 1017 2112 Ep.
1029 2087 1075 2107 70·
1097 2076 1134 2103 ad
1144 2077 1221 2112 episr.
1242 2076 1356 2104 Numid.
1375 2073 1518 2112 speciatim
1538 2070 1659 2107 symboli
1677 2068 1758 2099 usum

969 2115 1000 2143 in
1010 2114 1144 2153 baptismo
1156 2137 1163 2148 ,
1174 2119 1200 2144 δ(
1211 2116 1446 2154 interrogationes
1456 2120 1656 2142 commemorat
1668 2131 1676 2143 ,
1689 2120 1750 2149 quae

968 2156 1002 2185 de
1020 2155 1224 2194 specialioribus
1244 2159 1301 2191 ejus
1319 2156 1440 2184 articulis
1462 2155 1521 2183 fieri
1546 2152 1688 2181 solebant.
1719 2154 1755 2180 E-

968 2198 1072 2235 xempli
1093 2196 1188 2224 causa:
1213 2199 1288 2225 Num
1308 2197 1423 2226 credant
1443 2196 1530 2230 vitam
1550 2202 1681 2236 aeternam
1694 2214 1701 2225 J
1724 2195 1754 2220 δί

967 2237 1156 2267 remissionem
1168 2247 1343 2275 peccatorum
1355 2238 1383 2266 in
1395 2236 1533 2266 Ecclesia?
1550 2238 1584 2264 Et
1595 2234 1650 2262 alio
1671 2244 1701 2260 in
1711 2232 1753 2260 Io-

967 2289 1000 2306 co
1011 2300 1018 2310 ,
1042 2284 1089 2316 Ep.
1102 2285 1150 2314 69.
1162 2279 1200 2306 ad
1209 2284 1346 2316 Magnum
1356 2300 1365 2312 ‚
1386 2288 1448 2306 cum
1458 2277 1493 2306 de
1512 2275 1555 2304 his
1566 2297 1573 2308 ,
1597 2284 1656 2303 tum
1667 2274 1702 2318 de
1710 2283 1752 2301 ar-

968 2319 1060 2347 ticulis
1069 2319 1103 2347 de
1113 2321 1193 2348 Patre
1205 2340 1213 2352 ‚
1235 2320 1307 2348 Filio
1318 2341 1326 2353 ‚
1343 2323 1371 2348 &
1381 2320 1486 2357 Spiritu
1498 2318 1595 2346 Sansto
1608 2318 1730 2353 loquitur
1740 2333 1750 2345 ,

968 2369 1107 2399 tamquam
1117 2359 1383 2400 interrogationibus
1402 2360 1433 2390 in
1441 2356 1578 2399 baptismo
1588 2365 1643 2387 tam
1655 2353 1749 2426 {ccle-

1671 2405 1704 2427 tx
