1866 2526
443 47 554 90 VE

49 116 194 144 Vmerus
206 131 214 145 ‚
225 106 309 140 civis
317 128 326 136 .
336 105 411 137 Vide
420 108 559 136 Venetieus
573 126 583 135 .
601 106 725 134 Venetus
734 105 824 146 Episc-
834 110 890 136 Ca-

81 154 218 192 ficum
226 149 363 179 dicebatur
373 169 380 176 .
391 147 465 176 Vide
473 147 644 177 Patrius-cha
652 166 660 174 .
672 148 794 176 Venetus
802 149 889 178 color.

91 197 149 224 PR,
168 190 238 221 idest
248 212 256 224 ‚
277 190 406 219 <zi-uleus
416 209 425 221 .
449 187 488 216 ita
513 186 648 228 Vegetius
656 187 691 216 de
712 197 742 216 re
752 188 867 218 militari
881 211 888 221 ,

88 235 135 264 lib.
151 243 179 269 4.
197 241 256 269 cap.
276 242 288 269 3
295 242 322 264 7.
336 229 422 259 Unde
441 228 572 258 Sidonius
580 250 589 263 ‚
609 228 733 264 carmine
754 239 800 268 ²3·
820 229 889 259 vers.

87 284 155 314 324-
165 272 200 302 sic
209 271 313 300 cecinit
327 283 333 301 2

123 313 160 344 1d
170 313 289 350 Collega
301 321 361 340 tuus
373 333 382 344 ‚
391 310 523 350 simulque
532 310 611 340 vobis

122 355 186 383 Pars
196 351 306 382 adversa
319 352 381 381 facit
391 363 399 380 :
408 351 512 381 micant
521 352 629 381 colores
637 370 647 382 ι

127 395 211 424 Albus
224 416 232 426 ‚
245 394 289 422 vel
300 395 424 422 Venetus
435 414 442 424 ,
454 393 546 420 virens
556 409 565 420 ι
576 385 727 425 ¹'ubensque
736 405 744 414 ·

84 476 164 503 venia
174 475 274 509 dignus
286 481 292 498 :
313 475 326 505 [
337 469 389 498 Sed
398 478 491 497 tamen
506 467 601 498 scribis
611 478 640 497 tu
650 489 659 501 ‚
679 467 754 506 quod
773 478 886 496 errave-

81 512 153 542 rim;
178 511 315 540 veniabile
325 509 401 538 fore.
422 509 518 539 Sidon.
527 509 574 538 lib.
592 520 622 546 9.
643 508 722 546 epist.
746 510 812 543 ¹5·]
833 513 886 538 Eo.

82 554 145 582 dein
156 552 288 581 vocabulo
297 551 334 579 D.
347 550 518 582 Ambrosius,
534 550 581 578 lib.
593 561 620 580 7.
630 558 688 587 cap.
705 559 714 576 ι
722 555 748 577 6.
760 548 820 577 usus
830 550 868 578 cst
879 572 885 582 ‚

83 593 231 631 inquiens:
254 598 267 628 [
289 591 333 621 Ut
352 601 411 619 eam
429 589 622 628 blasphemiam
639 590 735 618 dicant
757 600 816 617 non
835 589 886 618 ess'e

1249 46 1292 88 V
1323 46 1360 88 E
1619 54 1701 103 699

987 102 1134 133 Penetrale
1164 100 1293 137 laetitiae‚
1326 103 1442 134 Veneris
1462 105 1558 136 demus
1576 129 1585 142 ,
1616 107 1688 136 :edes
1713 109 1735 132 Α

1026 152 1152 177 morum,

984 186 1106 214 Amnem
1127 182 1279 224 gratiarum
1297 183 1448 214 habitavi«,
1473 178 1631 209 Libaneidis
1648 180 1749 210 astrum

1025 235 1105 254 terrae
1114 245 1124 253 ι

907 267 1118 296 vanem-¹2,
1141 260 1283 296 deponens
1293 259 1405 288 verbum
1426 259 1542 299 loquor.
1566 266 1580 296 t
1602 261 1749 290 Erchenal-

945 304 993 331 dus
1002 300 1077 330 dixit
1088 321 1096 333 ‚
1117 297 1185 328 cessa.
1199 299 1362 328 verbicinari
1371 322 1379 328 .
1403 302 1438 329 ln
1451 302 1596 330 Miraculis
1606 302 1631 330 S.
1642 302 1730 331 Fursei
1742 325 1748 334 ,

945 353 1002 381 cap.
1013 353 1041 378 4.
1060 341 1088 372 §-
1104 347 1148 370 16.
1161 352 1208 376 ²4-
1218 341 1350 378 januam]
1374 341 1434 370 Alii
1445 352 1538 370 tamen
1551 342 1690 381 Verbosare
1711 344 1750 372 lc-

945 392 1016 423 gunt
1025 402 1033 410 .
1046 381 1120 411 Vide
1128 381 1347 411 seminiverbius
1356 402 1363 408 .
1387 383 1506 419 Verbosor
1515 403 1524 411 .

0 409 2 472 ἑ
46 436 223 465 νῃΝιΑΒιιις
237 456 244 466 ‚
266 435 343 467 (μιγῇ
364 430 435 456 levis
445 449 452 461 ,
475 431 503 457 &
514 428 630 456 venialis
641 449 649 460 ,
659 425 843 460 remlffibllls,
860 431 888 456 ὅ(
906 426 1082 456 VERBOSOR:
1103 421 1236 451 cornicor
1246 443 1255 454 «ν
1276 422 1396 456 blaten),
1416 421 1626 463 nlml⁵10quor2
1650 424 1748 454 verbo·

942 464 984 493 sus
992 463 1050 493 sum
1061 484 1068 491 .
1082 464 1140 499 [In
1150 462 1295 492 Ecclesiam
1306 463 1406 492 stantes
1417 484 1426 496 ‚
1445 464 1534 492 nolite
1547 465 1681 494 verbosari
1694 487 1701 493 .
1711 466 1748 494 D.

943 508 1018 544 Aug.
1027 504 1107 533 serm.
1127 503 1240 540 215.de
1251 513 1336 542 temp.
1356 507 1368 537 ]
1395 504 1530 540 Quamvis
1550 505 1637 534 simile
1652 507 1744 534 barba-

942 556 1000 574 rum
1020 546 1134 575 verbum
1154 555 1211 573 non
1229 544 1378 574 xstimetur
1397 544 1448 574 esse
1461 546 1669 585 Augustinianae
1687 548 1745 575 elo-

943 587 1061 625 quentiae
1072 607 1079 614 .
1090 585 1164 614 Vide
1173 586 1325 615 Verbicinor
1334 606 1340 612 .

84 633 269 663 veniabilem.-
282 633 298 664 ]
310 631 467 669 Eodemque
476 631 562 660 modo
570 630 730 667 Salvianus,
753 629 802 658 lib.
814 643 841 666 4.
853 631 886 659 ad
905 628 1097 656 Venor-rsus
1109 647 1117 654 .
1129 628 1186 656 FR.
1196 635 1343 655 oretenus.
1362 633 1375 663 [
1386 628 1460 656 Cum
1468 627 1563 657 effeetu
1574 627 1726 667 accepimus
1738 652 1744 661 .

84 671 294 704 Ecchcathfic
313 673 422 710 inquit:
442 672 530 707 [Scio
547 672 678 710 quidem,
698 671 774 710 quod
791 681 886 701 omnes
939 679 998 697 non
1012 668 1191 701 verbotenus,
1215 677 1274 695 can.
1295 666 1355 696 haec
1373 678 1463 697 autem
1480 669 1578 702 verba,
1601 670 1635 698 de
1646 670 1747 708 poenir.

81 716 122 744 rei
136 714 282 744 veniabiles
292 721 389 751 putant
398 722 502 741 errores
510 711 571 742 suos
583 734 588 740 .

940 709 1003 738 dist.
1018 720 1040 737 1.
1052 712 1079 737 δε
1091 709 1135 737 lib·
1150 721 1175 737 ι.
1184 707 1230 736 tit.
1243 709 1317 747 quod
1327 707 1442 749 quisque
1452 711 1518 745 juris
1527 731 1536 743 ,
1546 711 1564 738 l.
1581 721 1603 738 ι.

43 757 138 784 Vnuo
148 775 155 783 .
168 755 224 783 PR.
233 763 284 792 pro
293 753 429 781 tei-minor
437 772 445 780 .
460 752 557 787 [Sicut
567 753 709 783 Carmelus
719 752 749 782 in
759 752 826 782 mari
839 763 884 782 ve·
901 750 1026 779 Vennum
1037 750 1096 778 Dm
1108 769 1116 776 .
1138 751 1194 778 FR.
1204 758 1218 777 a
1237 750 1282 778 SS.
1290 751 1342 778 ΡΡ.
1353 749 1454 779 dicitur
1469 752 1555 779 etiam
1567 754 1657 780 Virtus
1671 756 1726 781 Dei
1738 772 1746 779 .

82 796 124 824 nit
134 815 140 822 .
150 796 250 833 Jerern.
261 803 320 832 cap.
333 801 381 830 46.

41 837 117 865 Vem
128 835 246 865 Sitne-re
258 835 396 865 Smin-rus
406 855 414 867 ,
438 833 523 863 Miss'ae
534 833 676 874 sequentia
688 856 696 868 ‚
719 845 733 863 a
744 845 799 873 quo
809 845 883 864 com-

81 876 165 914 posita
177 896 184 904 .
196 876 270 905 Vide
278 877 360 914 Profa
369 895 376 903 .

40 917 254 950 Vennenmn,
264 916 394 945 ventilari
405 915 540 955 significat
551 937 557 945 .
570 923 583 953 [
596 916 720 953 Quaestio
730 916 793 946 sane
803 940 810 950 ,
823 927 882 955 quae

78 956 144 985 illos
163 968 258 987 movet
270 970 278 990 3
301 959 348 997 qui
360 957 455 985 dicunt
466 978 474 990 ‚
497 968 544 986 cur
560 958 592 986 in
611 969 644 987 eo
654 958 716 987 loco
727 979 734 990 ‚
759 959 802 987 ubi
824 960 883 996 plus

79 997 150 1026 bona
162 1020 168 1030 ,
191 1002 218 1027 ὅ(
232 998 322 1027 minus
331 999 400 1027 mala
409 997 479 1030 siunt
489 1019 498 1032 ‚
519 999 590 1027 ultio
601 999 770 1037 frequentius
780 998 860 1027 [evit
875 1010 882 1028 ς

79 1048 93 1065 a
103 1038 197 1067 multis
209 1038 281 1078 sxpe
295 1038 461 1068 verniculata
472 1039 510 1068 est
521 1061 529 1072 ‚
552 1039 600 1068 sed
608 1051 622 1068 a
632 1039 709 1068 nullo
719 1040 829 1078 penitus
839 1050 884 1068 ex-

79 1078 165 1116 polita
175 1099 183 1107 .
203 1080 292 1109 Oddo
303 1081 372 1110 Abb.
381 1080 416 1108 de
425 1080 569 1110 Combust.
580 1081 606 1110 S.
619 1080 732 1109 Martini
746 1100 754 1108 .

940 790 1126 826 [Virtutem‚
1148 800 1207 828 quae
1229 801 1242 818 a
1253 790 1316 820 Deo
1324 790 1362 819 est
1373 812 1381 822 ,
1401 790 1473 820 niliil
1483 791 1556 820 aliud
1576 792 1699 832 intelligi
1710 792 1747 820 fas

939 832 976 859 est
986 853 994 864 ,
1015 831 1067 860 nisi
1077 831 1200 860 Verbum
1212 852 1220 863 ,
1230 831 1305 869 quod
1315 831 1398 860 etiam
1410 832 1617 870 Primogenitus
1626 833 1679 861 Dc:
1691 833 1727 862 est
1738 853 1747 861 .

938 873 1132 910 justin-Mart.
1150 871 1260 911 apolog.
1279 884 1305 901 z.
1318 873 1414 901 Virtus
1425 872 1560 902 Aiuffimi
1579 873 1749 902 obumbrabit

940 913 990 941 tibi
1000 934 1008 940 .
1019 911 1155 942 Altissimi
1169 913 1255 951 Regis
1266 914 1360 942 Virtus
1370 913 1499 942 Christus
1511 914 1549 942 cst
1559 935 1566 947 ,
1586 915 1632 953 qui
1643 925 1692 953 per
1700 915 1747 944 ad-

940 963 1056 983 venturn
1065 954 1180 992 Spiritus
1191 954 1283 982 Sancti
1306 953 1438 983 formatur
1447 954 1476 983 in
1488 955 1608 994 Virgine
1619 976 1625 983 .
1647 954 1746 990 Chry-

937 993 1000 1023 sost.
1019 995 1049 1022 in
1068 1003 1161 1023 catena
1179 1005 1234 1022 aur.
1256 995 1349 1024 Virtus
1371 1006 1436 1024 vero
1458 995 1591 1024 Altiffimi
1606 997 1689 1026 Filius
1707 997 1747 1025 est

939 1036 1010 1065 Dei:
1041 1033 1170 1064 Christus
1195 1035 1272 1064 enim
1293 1036 1348 1065 Dei
1369 1037 1454 1065 virtus
1475 1036 1513 1065 cst
1523 1057 1530 1064 .
1561 1036 1745 1075 Theopylaft.

938 1076 1032 1105 Sciens
1042 1075 1071 1104 in
1091 1077 1174 1104 verbo
1185 1075 1236 1104 ess'e
1247 1075 1391 1114 spiritum,
1411 1077 1538 1116 protinus
1549 1079 1668 1106 attexuit
1682 1093 1689 1105 :
1710 1081 1747 1107 Et

938 1116 1025 1145 virtus
1037 1116 1174 1146 Altislimi
1184 1117 1353 1147 obumbrabit
1364 1118 1412 1146 tibi
1424 1129 1431 1149 ς
1453 1117 1582 1146 Christus
1601 1119 1678 1147 enim
1687 1119 1745 1148 Dei

38 1160 163 1189 szron
178 1183 185 1195 ,
208 1171 260 1199 pro
270 1167 403 1190 Inventor
412 1181 420 1189 .
444 1160 518 1190 Vide
538 1162 618 1190 verba
630 1161 754 1190 ennodii
771 1161 801 1191 in
813 1160 883 1191 'diff
938 1158 1027 1186 virtus
1036 1178 1045 1190 ,
1067 1161 1096 1186 δε
1111 1158 1167 1186 Dei
1178 1157 1311 1194 sapientia
1320 1178 1329 1186 .
1351 1157 1485 1188 Athanas.
1504 1159 1584 1198 epist.
1610 1171 1632 1188 i.
1654 1160 1688 1189 ad
1697 1161 1745 1190 Se-

78 1201 209 1230 Gahaiha
219 1222 226 1230 .
941 1200 1039 1235 rapion
1049 1217 1058 1224 -
1232 1237 1236 1242 1

40 1243 213 1272 erruaus
223 1263 231 1270 .
245 1244 302 1272 PR.
311 1244 449 1272 uterculus
460 1265 468 1276 ‚
492 1243 577 1272 vesica
587 1265 595 1277 ‚
618 1254 670 1282 qua
680 1241 804 1281 cingitur
817 1253 883 1272 ven-
899 1240 1023 1267 VERBUM
1033 1239 1173 1266 PRAEBERE
1183 1258 1190 1265 -
1199 1237 1275 1266 Vlde
1284 1239 1402 1268 Prabere
1410 1240 1528 1268 verbum
1538 1259 1548 1268 .

79 1293 120 1312 ter
131 1282 164 1312 ad
175 1283 287 1311 modum
300 1282 430 1322 marsupii
440 1288 487 1321 ,δε
497 1283 573 1312 numi
583 1284 756 1319 inseruntur:
771 1290 783 1319 [
795 1287 883 1313 Num-
899 1281 1101 1308 anzcuxnoa
1113 1298 1120 1305 .
1141 1280 1198 1308 PR.
1211 1279 1337 1308 erubesco
1349 1291 1355 1306 :
1376 1281 1473 1314 [Nam
1490 1281 1552 1319 quia
1570 1279 1747 1320 semetipsum

39 1120 259 1149 kariinnnvsi
271 1141 278 1149 .
291 1121 364 1149 Vide
375 1121 505 1149 Cerubim
516 1141 524 1149 .
545 1123 701 1151 Flabellum
712 1141 720 1149 .

77 1325 166 1352 mulos
176 1325 205 1353 in
215 1325 371 1353 ventralern
383 1346 391 1358 ,
412 1325 432 1353 l.
442 1325 531 1354 Divus
543 1346 551 1357 ‚
563 1324 589 1353 ff.
600 1325 634 1354 de
644 1325 708 1353 bon.
718 1324 788 1352 dam.
799 1327 810 1356 ]
823 1325 881 1354 Ubi

77 1365 272 1403 corrigendum
291 1365 328 1393 cst
346 1366 500 1394 Ventralem
513 1386 519 1393 .
542 1366 621 1396 Zona
639 1365 714 1394 enim
733 1375 807 1399 erat,
830 1375 881 1404 qua

79 1405 373 1444 lumbicingebantur:
396 1406 431 1434 de
441 1417 472 1434 ea
481 1406 605 1444 loquitur
615 1406 741 1438 Gellius,
766 1406 811 1435 lib.
836 1415 879 1441 ις.

78 1456 136 1484 cap.
152 1456 161 1473 ι
170 1458 195 1474 ι..
208 1446 252 1474 ubi
263 1445 326 1480 Caji
336 1445 456 1474 Gracchi
467 1447 546 1474 verba
557 1447 652 1475 retulit
663 1445 760 1482 ajentis
773 1456 780 1472 :
803 1449 879 1482 [Ita-

79 1496 133 1524 que
151 1485 274 1518 Quirites
285 1507 293 1518 ‚
315 1495 377 1513 cum
399 1489 491 1515 Roma
513 1486 649 1525 profectus
676 1486 735 1515 sum
746 1508 754 1519 ‚
777 1498 860 1516 zonas
871 1510 878 1520 ,

78 1536 144 1565 quas
153 1527 246 1564 plenas
262 1527 371 1565 argenti
389 1527 496 1561 extuli,
518 1537 552 1556 ex
571 1528 735 1566 provincia,
757 1532 770 1562 (
791 1529 877 1566 idest,

80 1568 213 1595 Sardinia
224 1570 236 1599 )
246 1566 340 1595 inanes
354 1568 434 1596 retuli
445 1587 453 1595 .

37 1608 219 1641 N'zsunitius
232 1628 239 1635 .
257 1609 313 1637 PR.
335 1608 477 1638 Venditor
499 1614 512 1644 t
534 1610 642 1639 Notum
661 1609 694 1639 fit
714 1631 722 1643 ,
745 1608 809 1650 quia
828 1620 876 1638 nos

78 1647 256 1677 concessimus
267 1649 439 1688 Amalbergae
450 1650 538 1679 nobili
549 1649 692 1680 Abbanfl'ae
704 1651 806 1680 Brixiae
818 1672 826 1684 ‚
849 1661 878 1679 ut

77 1699 244 1728 quocunque
266 1689 314 1717 iste
335 1690 489 1719 Venuarius
509 1701 570 1719 cum
590 1692 776 1721 mercimoniis
792 1702 877 1730 nego—

77 1730 172 1758 tiando
191 1731 361 1768 perrexerit,
382 1729 474 1759 secure
491 1740 606 1771 pergat.
627 1733 730 1763 Bullar.
748 1732 878 1762 Casmen.

78 1780 148 1798 tom.
162 1782 187 1799 2.
198 1771 284 1799 const.
295 1778 342 1809 36.

38 1812 140 1840 Vesus
151 1813 327 1841 Geminum
336 1813 404 1841 Dm
416 1832 423 1840 .
444 1811 518 1842 Vide
528 1814 660 1850 Astanhe
670 1834 679 1842 .
695 1815 861 1843 Salambona
871 1834 878 1841 .

76 1850 244 1880 'Ihalmtfera
254 1852 283 1881 ic
293 1853 358 1881 dict.
369 1854 538 1882 Cubiculum
549 1875 558 1882 .
569 1855 721 1883 Tbammus
734 1875 741 1882 .
767 1860 879 1883 Venera-

77 1903 170 1920 rmm.
194 1892 311 1920 Veneris
331 1893 388 1922 dies
409 1894 438 1922 in
449 1893 618 1923 hebdomada
629 1915 637 1922 .
656 1895 728 1923 Vide
739 1899 823 1924 Feria
840 1901 878 1923 Vl.

80 1934 136 1962 PR.
150 1934 288 1962 Venerem
308 1944 366 1962 non
383 1934 505 1972 cypriam
517 1957 526 1970 ,
547 1934 594 1964 sed
613 1946 646 1964 ex
658 1935 761 1965 Libano
780 1945 879 1975 proge—

936 1319 1062 1359 graviter
1073 1319 1243 1348 erubescebat
1263 1321 1356 1353 intus,
1377 1321 1420 1350 nil
1437 1320 1487 1350 ess'e
1505 1322 1645 1355 credidit,
1667 1324 1744 1362 quod

938 1361 1167 1389 verecundaretur
1176 1360 1243 1389 soris
1252 1382 1260 1389 .
1284 1362 1320 1390 D.
1332 1364 1419 1400 Greg.
1431 1364 1502 1401 Papa
1514 1384 1523 1396 ‚
1545 1361 1643 1392 homil.
1654 1365 1744 1401 33-111

936 1411 993 1440 cap.
1004 1412 1032 1434 7.
1042 1403 1121 1430 Lucae
1134 1421 1141 1429 .
1162 1403 1174 1433 ]
1188 1401 1246 1430 Ubi
1258 1402 1292 1431 de
1305 1402 1467 1441 Magdalena
1479 1403 1508 1431 in
1517 1403 1602 1432 domo
1612 1403 1745 1433 Pharisaei

936 1442 1063 1477 lacrymis
1072 1443 1153 1480 pedes
1163 1441 1270 1471 Christi
1279 1443 1389 1481 rigante
1401 1443 1526 1482 loquitur
1537 1464 1543 1471 .
1565 1445 1674 1473 Eodem
1683 1454 1756 1473 vet·->

934 1482 1037 1512 bousus
1054 1483 1092 1511 est
1104 1484 1215 1513 Plautus
1227 1505 1235 1516 ,
1257 1483 1386 1522 inquiens
1411 1489 1424 1519 [
1446 1484 1636 1514 Verecundari
1653 1485 1743 1514 nemi-

935 1534 998 1553 nem
1007 1524 1079 1563 apud
1090 1523 1212 1552 mensam
1223 1524 1302 1552 decet
1313 1545 1320 1552 .
1344 1526 1380 1554 In
1391 1524 1509 1554 Tritium
1520 1547 1528 1558 ‚

894 1566 1088 1595 Venzmmus
1099 1587 1106 1597 ,
1127 1564 1282 1594 tabellarius
1307 1571 1318 1600 [
1331 1565 1460 1604 Denique
1472 1566 1534 1605 ipsis
1544 1567 1686 1596 mandavit
1695 1576 1745 1605 per

935 1606 1091 1635 veredarios
1100 1606 1171 1644 saepe
1182 1606 1250 1635 satus
1262 1607 1349 1635 Abbas
1360 1607 1503 1635 Herbenus
1514 1629 1523 1640 ‚
1545 1618 1572 1635 ut
1584 1607 1742 1636 intereslent

933 1646 1042 1676 ducatui
1054 1669 1061 1680 ,
1073 1651 1100 1676 ὃ(
1110 1649 1143 1676 ad
1154 1647 1330 1676 evehendum
1340 1658 1437 1686 corpus
1446 1646 1518 1686 [τρε
1529 1649 1669 1677 nominari
1683 1652 1744 1685 Aii-

935 1687 1005 1716 tistis
1018 1707 1026 1715 .
1046 1689 1136 1718 Oddo
1148 1689 1216 1718 Abb.
1227 1689 1275 1717 lib.
1287 1700 1313 1717 2.
1324 1689 1358 1717 de
1369 1690 1423 1717 reb.
1435 1690 1548 1717 martin.
1559 1700 1616 1728 cap.
1631 1695 1656 1718 8.
1670 1692 1682 1721 ]
1706 1691 1742 1718 In

934 1729 1033 1757 eodem
1042 1728 1122 1758 sensu
1131 1730 1318 1765 Symmachus:
1332 1730 1428 1765 [Cum
1439 1730 1574 1759 veredarii
1585 1729 1686 1759 deeli'et
1695 1741 1744 1759 oc-

935 1769 1006 1798 casio
1018 1791 1026 1803 ,
1043 1771 1157 1809 privato
1165 1770 1275 1800 homini
1296 1770 1436 1799 reddenda
1446 1769 1545 1809 scripta
1557 1771 1681 1800 commisi
1691 1793 1700 1805 ‚
1722 1771 1742 1799 l.

935 1822 962 1843 7.
976 1821 1019 1849 ep.
1035 1814 1100 1847 14.]
1111 1813 1155 1841 Sic
1167 1813 1249 1840 etiam
1259 1811 1398 1840 fulbertus
1407 1812 1525 1840 Carnot.
1537 1811 1612 1851 Epis.
1636 1811 1743 1847 [Quod

937 1852 1018 1880 vobis
1028 1853 1097 1881 olim
1107 1851 1262 1881 charissime
1280 1862 1328 1890 per
1339 1853 1437 1880 vereda
1443 1853 1513 1881 rium
1531 1854 1653 1881 vestrum
1665 1853 1743 1881 litte-

933 1902 976 1920 ras
985 1903 1045 1921 non
1055 1894 1164 1926 remisi,
1187 1894 1264 1932 epist.
1276 1894 1347 1923 66.]
1373 1893 1456 1929 Qiod
1466 1893 1627 1922 vocabulum
1643 1904 1659 1922 a
1668 1898 1742 1923 Vere-

933 1934 966 1961 do
977 1943 1048 1972 equo
1057 1934 1154 1962 veloce
1165 1955 1173 1967 ‚
1195 1945 1223 1962 ac
1232 1932 1340 1962 cursore
1348 1933 1493 1962 derivatur
1500 1954 1508 1962 .

78 1974 152 2002 niem
164 1972 272 2003 traxisse
282 1984 359 2013 putat
370 1976 502 2005 Nicolaus
514 1977 667 2009 Abramus,
690 1976 737 2005 lib.
758 1988 783 2005 2.
796 1975 878 2006 Phari
897 1975 1149 2003 Vemiicurmus.
1175 1977 1231 2004 FR.
1252 1974 1367 2013 figurate
1392 1975 1580 2019 interpunc‘tus
1602 1975 1637 2005 ad
1659 1975 1741 2004 instar

77 2024 134 2042 vet.
154 2014 309 2043 testament.
328 2025 385 2054 cap.
408 2022 452 2045 16.
473 2027 548 2045 num.
571 2029 621 2054 79.
638 2020 665 2045 δε
681 2022 724 2045 80.
745 2016 788 2045 ubi
801 2019 879 2047 verba

75 2057 164 2084 Amos
173 2076 181 2088 ‚
198 2066 221 2083 ι.
235 2065 259 2089 5.
274 2062 286 2091 [
297 2057 451 2085 Contemni
463 2059 569 2086 vestem
577 2055 705 2086 Damasci
716 2079 723 2090 ‚
735 2061 763 2086 δε
773 2056 820 2085 dis
819 2069 879 2096 per-

74 2097 136 2124 dam
156 2095 342 2125 habitatorem
361 2097 396 2126 de
405 2107 503 2136 campo
511 2098 581 2126 idoli
594 2119 602 2130 ,
623 2102 804 2127 &tenentem
822 2098 876 2128 sce-

73 2146 167 2174 ptrum
177 2137 212 2165 de
230 2136 317 2165 domo
327 2138 477 2176 voluptatis
493 2150 500 2166 :
523 2143 552 2168 ὅ(
569 2137 750 2167 transferetur
763 2140 878 2178 populus

73 2178 160 2212 Syriae
173 2178 317 2212 Cyrenen.
330 2179 343 2210 ]
354 2179 398 2207 ubi
407 2183 449 2207 De
460 2180 538 2208 domo
549 2180 704 2217 voluptatis
716 2201 723 2213 ,
742 2179 878 2220 intelligit

74 2218 205 2246 Nicolaus
216 2218 251 2246 de
262 2218 380 2247 Veneris
400 2219 486 2248 domo
496 2241 504 2252 ,
525 2223 553 2248 ἀ
571 2219 646 2248 affert
656 2221 793 2249 Nonnum
807 2222 878 2250 Dio-

71 2257 134 2293 nys.
146 2262 372 2298 poetamgrajum
385 2281 394 2293 ,
415 2259 460 2289 lib.
481 2271 494 2298 3
506 2271 528 2288 r.
540 2259 612 2290 vers.
631 2271 698 2290 201-
715 2261 762 2290 ubi
772 2261 876 2292 Libano

71 2297 237 2328 insidentem
249 2302 388 2330 Venerem
405 2300 513 2331 inducit
522 2301 552 2330 in
571 2302 662 2331 urbem
672 2303 779 2332 Beroen
791 2325 799 2336 ,
820 2303 876 2333 five

67 2341 195 2375 Beryton
207 2362 215 2374 ‚
237 2341 272 2370 de
289 2352 340 2381 qua
361 2342 452 2378 idem,
474 2342 523 2373 lib.
535 2353 606 2379 4i.a
617 2341 696 2373 versu
710 2344 814 2374 100.ab
831 2355 874 2375 eo.

66 2381 130 2411 'dem
142 2382 171 2411 N
173 2392 249 2422 onno
257 2381 359 2413 dicitur

935 2016 1026 2053 operis
1037 2016 1134 2044 musivi
1146 2036 1152 2042 .
1176 2015 1356 2051 [Mur-enulfi
1367 2025 1458 2044 aureas
1477 2017 1603 2046 iaciemus
1614 2016 1664 2045 tibi
1676 2026 1741 2045 ver-

934 2055 1074 2084 miculatas
1086 2066 1214 2095 argeum,
1225 2066 1314 2085 ran-1.
1330 2061 1354 2084 8-
1369 2058 1381 2087 ]
1394 2057 1491 2086 Lectio
1498 2067 1588 2096 graeca
1597 2056 1678 2086 habet
1689 2067 1740 2096 pro

932 2098 1102 2125 Mur-mulas
1111 2093 1385 2135 O'uoicripiarvequod
1395 2106 1509 2126 vertunt
1518 2099 1738 2128 Similitudines.

937 2138 1163 2172 [Similitudines
1179 2137 1237 2166 auri
1260 2137 1389 2166 faciemus
1405 2138 1457 2167 tibi
1472 2149 1536 2168 cum
1567 2139 1739 2177 stigmatibus

931 2179 1041 2217 argenti
1052 2187 1061 2207 4
1071 2181 1085 2210 ]
1095 2177 1214 2214 Ο”μοιον
1221 2179 1298 2207 enim
1310 2201 1316 2211 ,
1336 2188 1366 2207 ut
1376 2178 1469 2217 inquit
1480 2181 1536 2218 Jul.
1547 2180 1688 2210 Rufinian.
1701 2179 1741 2208 est

933 2219 1074 2248 rhetorica
1090 2218 1194 2257 figura,
1216 2226 1277 2248 curn
1296 2230 1329 2248 ex
1351 2220 1470 2258 partibus
1487 2221 1576 2258 aliqua
1588 2219 1740 2249 similitudo

931 2260 1092 2299 colligitur:
1115 2259 1150 2288 fic
1160 2256 1348 2297 Ofiomiputioe
1356 2259 1404 2288 liic
1413 2262 1622 2290 Similitudines
1633 2281 1642 2294 ‚
1665 2260 1741 2299 quod

920 2300 1089 2329 subauditur
1107 2306 1186 2329 Inter
1191 2301 1223 2338 se
1233 2321 1242 2334 ,
1264 2310 1326 2330 eum
1344 2301 1450 2330 monile
1466 2311 1499 2330 ex
1511 2300 1606 2339 figuris
1626 2300 1701 2329 inter
1710 2299 1739 2329 se

931 2342 1117 2371 confimilibus
1125 2341 1248 2371 constet.
1267 2339 1393 2372 Eusebius
1402 2351 1490 2371 autem
1510 2351 1558 2380 per
1578 2340 1740 2371 similitudi-

930 2393 978 2414 nes
988 2383 1109 2414 Phalera
1118 2380 1233 2418 scribit,
1253 2392 1314 2423 quae
1335 2383 1448 2423 quidem
1466 2382 1618 2423 antiquitus
1638 2383 1740 2411 nedum

1609 2433 1696 2462 equo-
