<?xml version="1.0" encoding="UTF-8"?>
<!DOCTYPE html PUBLIC "-//W3C//DTD XHTML 1.0 Transitional//EN"
    "http://www.w3.org/TR/xhtml1/DTD/xhtml1-transitional.dtd">
<html xmlns="http://www.w3.org/1999/xhtml" xml:lang="en" lang="en">
 <head>
  <title>
</title>
<meta http-equiv="Content-Type" content="text/html;charset=utf-8" />
  <meta name='ocr-system' content='tesseract 3.04.00' />
  <meta name='ocr-capabilities' content='ocr_page ocr_carea ocr_par ocr_line ocrx_word'/>
</head>
<body>
  <div class='ocr_page' id='page_1' title='image "./dominicimacrimel00magr/dominicimacrimel00magr_0479.png"; bbox 0 0 1866 2526; ppageno 0'>
   <div class='ocr_carea' id='block_1_1' title="bbox 481 24 1729 82">
    <p class='ocr_par' dir='ltr' id='par_1_1' title="bbox 481 24 1729 82">
     <span class='ocr_line' id='line_1_1' title="bbox 481 24 1729 82; baseline 0.002 -13"><span class='ocrx_word' id='word_1_1' title='bbox 481 24 608 69; x_wconf 92' lang='lat' dir='ltr'>MY</span> <span class='ocrx_word' id='word_1_2' title='bbox 1273 25 1396 70; x_wconf 87' lang='lat' dir='ltr'>NA</span> <span class='ocrx_word' id='word_1_3' title='bbox 1651 41 1729 82; x_wconf 83' lang='lat'>451</span> 
     </span>
    </p>
   </div>
   <div class='ocr_carea' id='block_1_2' title="bbox 82 82 1783 249">
    <p class='ocr_par' dir='ltr' id='par_1_2' title="bbox 82 82 1782 171">
     <span class='ocr_line' id='line_1_2' title="bbox 82 82 1782 129; baseline -0.002 -8"><span class='ocrx_word' id='word_1_4' title='bbox 82 115 88 121; x_wconf 90' lang='lat'><em>.</em></span> <span class='ocrx_word' id='word_1_5' title='bbox 126 90 179 120; x_wconf 81' lang='lat' dir='ltr'>lis:</span> <span class='ocrx_word' id='word_1_6' title='bbox 201 97 282 120; x_wconf 72' lang='lat' dir='ltr'>voces</span> <span class='ocrx_word' id='word_1_7' title='bbox 297 86 410 128; x_wconf 85' lang='lat' dir='ltr'>quidem</span> <span class='ocrx_word' id='word_1_8' title='bbox 419 95 516 126; x_wconf 69' lang='lat' dir='ltr'>graece</span> <span class='ocrx_word' id='word_1_9' title='bbox 527 84 590 115; x_wconf 88' lang='lat' dir='ltr'>sunt</span> <span class='ocrx_word' id='word_1_10' title='bbox 601 108 609 120; x_wconf 95' lang='lat'><em>‚</em></span> <span class='ocrx_word' id='word_1_11' title='bbox 629 95 743 126; x_wconf 81' lang='lat' dir='ltr'>nempe,</span> <span class='ocrx_word' id='word_1_12' title='bbox 767 83 868 127; x_wconf 74' lang='grc' dir='ltr'><strong><em>μύρον,</em></strong></span> <span class='ocrx_word' id='word_1_13' title='bbox 879 97 931 117; x_wconf 84' lang='lat' dir='ltr'>un·</span> <span class='ocrx_word' id='word_1_14' title='bbox 981 85 1054 115; x_wconf 77' lang='lat' dir='ltr'>Naas</span> <span class='ocrx_word' id='word_1_15' title='bbox 1064 82 1382 129; x_wconf 22' lang='lat' dir='ltr'>interpretatur&#39;serpcns</span> <span class='ocrx_word' id='word_1_16' title='bbox 1394 106 1402 118; x_wconf 90' lang='lat'><em>‚</em></span> <span class='ocrx_word' id='word_1_17' title='bbox 1414 84 1492 123; x_wconf 81' lang='lat' dir='ltr'>Jibes</span> <span class='ocrx_word' id='word_1_18' title='bbox 1503 83 1625 116; x_wconf 76' lang='lat' dir='ltr'>exiccaia</span> <span class='ocrx_word' id='word_1_19' title='bbox 1635 107 1643 115; x_wconf 89' lang='lat'><strong>.</strong></span> <span class='ocrx_word' id='word_1_20' title='bbox 1653 88 1782 128; x_wconf 81' lang='lat' dir='ltr'>D.Greg.</span> 
     </span>
     <span class='ocr_line' id='line_1_3' title="bbox 125 126 1597 171; baseline -0.004 -10"><span class='ocrx_word' id='word_1_21' title='bbox 125 139 259 171; x_wconf 86' lang='lat' dir='ltr'>guentum</span> <span class='ocrx_word' id='word_1_22' title='bbox 269 149 279 162; x_wconf 88' lang='lat'><em>‚</em></span> <span class='ocrx_word' id='word_1_23' title='bbox 299 133 328 159; x_wconf 74' lang='grc' dir='ltr'>ὃ(</span> <span class='ocrx_word' id='word_1_24' title='bbox 337 127 418 166; x_wconf 60' lang='lat' dir='ltr'>amia,</span> <span class='ocrx_word' id='word_1_25' title='bbox 428 148 436 161; x_wconf 82' lang='lat'><em>,</em></span> <span class='ocrx_word' id='word_1_26' title='bbox 446 126 536 156; x_wconf 78' lang='lat' dir='ltr'>scateo</span> <span class='ocrx_word' id='word_1_27' title='bbox 548 148 556 160; x_wconf 94' lang='lat'>,</span> <span class='ocrx_word' id='word_1_28' title='bbox 569 137 651 155; x_wconf 83' lang='lat' dir='ltr'>mano</span> <span class='ocrx_word' id='word_1_29' title='bbox 661 148 668 155; x_wconf 89' lang='lat'><strong>.</strong></span> <span class='ocrx_word' id='word_1_30' title='bbox 981 126 1028 156; x_wconf 89' lang='lat' dir='ltr'>lib.</span> <span class='ocrx_word' id='word_1_31' title='bbox 1042 136 1067 161; x_wconf 82' lang='grc' dir='ltr'>ς.</span> <span class='ocrx_word' id='word_1_32' title='bbox 1078 136 1136 164; x_wconf 75' lang='lat' dir='ltr'>cap.</span> <span class='ocrx_word' id='word_1_33' title='bbox 1150 137 1173 154; x_wconf 87' lang='lat' dir='ltr'>i.</span> <span class='ocrx_word' id='word_1_34' title='bbox 1185 127 1214 154; x_wconf 89' lang='lat' dir='ltr'>in</span> <span class='ocrx_word' id='word_1_35' title='bbox 1226 135 1347 164; x_wconf 85' lang='lat' dir='ltr'>primum</span> <span class='ocrx_word' id='word_1_36' title='bbox 1356 128 1466 164; x_wconf 85' lang='lat' dir='ltr'>Regum</span> <span class='ocrx_word' id='word_1_37' title='bbox 1477 136 1535 170; x_wconf 77' lang='lat' dir='ltr'>cap.</span> <span class='ocrx_word' id='word_1_38' title='bbox 1554 137 1597 155; x_wconf 83' lang='grc' dir='ltr'>ιο.</span> 
     </span>
    </p>

    <p class='ocr_par' dir='ltr' id='par_1_3' title="bbox 85 165 1783 249">
     <span class='ocr_line' id='line_1_4' title="bbox 85 165 1783 210; baseline -0.004 -8"><span class='ocrx_word' id='word_1_39' title='bbox 85 173 268 202; x_wconf 65' lang='grc' dir='ltr'><strong>Μγκορειοκι</strong></span> <span class='ocrx_word' id='word_1_40' title='bbox 280 191 288 203; x_wconf 92' lang='lat'><em>,</em></span> <span class='ocrx_word' id='word_1_41' title='bbox 310 170 346 199; x_wconf 84' lang='lat' dir='ltr'>fic</span> <span class='ocrx_word' id='word_1_42' title='bbox 359 168 503 207; x_wconf 75' lang='lat' dir='ltr'>appellatae</span> <span class='ocrx_word' id='word_1_43' title='bbox 515 167 578 196; x_wconf 89' lang='lat' dir='ltr'>sunt</span> <span class='ocrx_word' id='word_1_44' title='bbox 592 178 645 197; x_wconf 87' lang='lat' dir='ltr'>tres</span> <span class='ocrx_word' id='word_1_45' title='bbox 660 169 786 198; x_wconf 83' lang='lat' dir='ltr'>mulieres</span> <span class='ocrx_word' id='word_1_46' title='bbox 795 190 803 202; x_wconf 85' lang='lat'><em>‚</em></span> <span class='ocrx_word' id='word_1_47' title='bbox 825 179 886 208; x_wconf 67' lang='lat' dir='ltr'>qua:</span> <span class='ocrx_word' id='word_1_48' title='bbox 898 168 930 197; x_wconf 88' lang='lat' dir='ltr'>:id</span> <span class='ocrx_word' id='word_1_49' title='bbox 943 169 1061 197; x_wconf 70' lang='grc' dir='ltr'><strong>ΝΑΒΑι..</strong></span> <span class='ocrx_word' id='word_1_50' title='bbox 1070 168 1127 196; x_wconf 79' lang='lat' dir='ltr'>PK.</span> <span class='ocrx_word' id='word_1_51' title='bbox 1139 166 1296 195; x_wconf 88' lang='lat' dir='ltr'>dementem</span> <span class='ocrx_word' id='word_1_52' title='bbox 1308 165 1434 210; x_wconf 78' lang='lat' dir='ltr'>hebraice</span> <span class='ocrx_word' id='word_1_53' title='bbox 1445 167 1589 206; x_wconf 76' lang='lat' dir='ltr'>fignificat.</span> <span class='ocrx_word' id='word_1_54' title='bbox 1601 167 1783 207; x_wconf 79' lang='lat' dir='ltr'>joseph.Jud.</span> 
     </span>
     <span class='ocr_line' id='line_1_5' title="bbox 126 207 1720 249; baseline -0.003 -9"><span class='ocrx_word' id='word_1_55' title='bbox 126 212 309 243; x_wconf 86' lang='lat' dir='ltr'>Dominicum</span> <span class='ocrx_word' id='word_1_56' title='bbox 318 208 494 249; x_wconf 77' lang='lat' dir='ltr'><strong>sepulchrum</strong></span> <span class='ocrx_word' id='word_1_57' title='bbox 507 209 625 238; x_wconf 86' lang='lat' dir='ltr'>serentes</span> <span class='ocrx_word' id='word_1_58' title='bbox 635 219 809 249; x_wconf 85' lang='lat' dir='ltr'>unguentum</span> <span class='ocrx_word' id='word_1_59' title='bbox 822 231 830 243; x_wconf 94' lang='lat'><strong><em>,</em></strong></span> <span class='ocrx_word' id='word_1_60' title='bbox 841 220 870 238; x_wconf 95' lang='lat' dir='ltr'>ut</span> <span class='ocrx_word' id='word_1_61' title='bbox 881 220 930 238; x_wconf 83' lang='lat' dir='ltr'>un·</span> <span class='ocrx_word' id='word_1_62' title='bbox 951 207 1030 236; x_wconf 50' lang='lat' dir='ltr'>Nlib·</span> <span class='ocrx_word' id='word_1_63' title='bbox 1043 214 1070 236; x_wconf 88' lang='lat'>6.</span> <span class='ocrx_word' id='word_1_64' title='bbox 1081 208 1159 246; x_wconf 84' lang='lat' dir='ltr'>antiq</span> <span class='ocrx_word' id='word_1_65' title='bbox 1180 217 1238 246; x_wconf 81' lang='lat' dir='ltr'>cap.</span> <span class='ocrx_word' id='word_1_66' title='bbox 1256 213 1298 236; x_wconf 82' lang='lat'>16.</span> <span class='ocrx_word' id='word_1_67' title='bbox 1311 207 1370 236; x_wconf 87' lang='lat' dir='ltr'>Alii</span> <span class='ocrx_word' id='word_1_68' title='bbox 1381 216 1474 236; x_wconf 82' lang='lat' dir='ltr'>tamen</span> <span class='ocrx_word' id='word_1_69' title='bbox 1483 208 1594 245; x_wconf 70' lang='lat' dir='ltr'>Naphal</span> <span class='ocrx_word' id='word_1_70' title='bbox 1605 209 1702 247; x_wconf 86' lang='lat' dir='ltr'>legunt</span> <span class='ocrx_word' id='word_1_71' title='bbox 1713 229 1720 236; x_wconf 93' lang='lat'><strong>.</strong></span> 
     </span>
    </p>
   </div>
   <div class='ocr_carea' id='block_1_3' title="bbox 126 247 1787 329">
    <p class='ocr_par' dir='ltr' id='par_1_4' title="bbox 126 247 1787 329">
     <span class='ocr_line' id='line_1_6' title="bbox 126 247 1784 292; baseline -0.002 -11"><span class='ocrx_word' id='word_1_72' title='bbox 126 261 230 292; x_wconf 84' lang='lat' dir='ltr'>gerunt</span> <span class='ocrx_word' id='word_1_73' title='bbox 250 252 420 281; x_wconf 72' lang='lat' dir='ltr'>Salvatorem</span> <span class='ocrx_word' id='word_1_74' title='bbox 431 272 439 283; x_wconf 94' lang='lat'><em>‚</em></span> <span class='ocrx_word' id='word_1_75' title='bbox 460 250 549 278; x_wconf 77' lang='lat' dir='ltr'>ierant</span> <span class='ocrx_word' id='word_1_76' title='bbox 562 270 569 277; x_wconf 85' lang='lat'><em>.</em></span> <span class='ocrx_word' id='word_1_77' title='bbox 587 251 685 279; x_wconf 73' lang='lat' dir='ltr'>Graeca</span> <span class='ocrx_word' id='word_1_78' title='bbox 707 261 761 279; x_wconf 76' lang='lat' dir='ltr'>vox</span> <span class='ocrx_word' id='word_1_79' title='bbox 773 247 908 289; x_wconf 73' lang='grc' dir='ltr'>μυροφὸροι</span> <span class='ocrx_word' id='word_1_80' title='bbox 922 271 930 283; x_wconf 85' lang='grc'><strong><em>,</em></strong></span> <span class='ocrx_word' id='word_1_81' title='bbox 943 250 1074 278; x_wconf 63' lang='lat' dir='ltr'>Narseum</span> <span class='ocrx_word' id='word_1_82' title='bbox 1085 269 1093 282; x_wconf 91' lang='lat'>,</span> <span class='ocrx_word' id='word_1_83' title='bbox 1103 258 1137 276; x_wconf 89' lang='lat' dir='ltr'>ex</span> <span class='ocrx_word' id='word_1_84' title='bbox 1147 248 1273 276; x_wconf 86' lang='lat' dir='ltr'>hebraica</span> <span class='ocrx_word' id='word_1_85' title='bbox 1286 257 1354 291; x_wconf 78' lang='lat' dir='ltr'>voce</span> <span class='ocrx_word' id='word_1_86' title='bbox 1364 249 1460 292; x_wconf 67' lang='lat' dir='ltr'>Nubel,</span> <span class='ocrx_word' id='word_1_87' title='bbox 1474 259 1533 287; x_wconf 63' lang='lat' dir='ltr'>qux</span> <span class='ocrx_word' id='word_1_88' title='bbox 1546 249 1631 277; x_wconf 85' lang='lat' dir='ltr'>multa</span> <span class='ocrx_word' id='word_1_89' title='bbox 1642 249 1784 287; x_wconf 78' lang='lat' dir='ltr'>fignifica-</span> 
     </span>
     <span class='ocr_line' id='line_1_7' title="bbox 983 287 1787 329; baseline 0.001 -12"><span class='ocrx_word' id='word_1_90' title='bbox 983 298 1009 317; x_wconf 82' lang='lat' dir='ltr'>ta</span> <span class='ocrx_word' id='word_1_91' title='bbox 1019 289 1048 317; x_wconf 87' lang='lat' dir='ltr'>in</span> <span class='ocrx_word' id='word_1_92' title='bbox 1058 287 1086 317; x_wconf 89' lang='lat' dir='ltr'>se</span> <span class='ocrx_word' id='word_1_93' title='bbox 1096 289 1223 318; x_wconf 88' lang='lat' dir='ltr'>continet</span> <span class='ocrx_word' id='word_1_94' title='bbox 1235 299 1241 320; x_wconf 66' lang='grc' dir='ltr'><strong><em>ς</em></strong></span> <span class='ocrx_word' id='word_1_95' title='bbox 1253 289 1282 317; x_wconf 87' lang='lat' dir='ltr'>iii</span> <span class='ocrx_word' id='word_1_96' title='bbox 1292 298 1384 327; x_wconf 83' lang='lat' dir='ltr'>primo</span> <span class='ocrx_word' id='word_1_97' title='bbox 1397 299 1471 318; x_wconf 72' lang='lat' dir='ltr'>eii-ni</span> <span class='ocrx_word' id='word_1_98' title='bbox 1484 289 1639 329; x_wconf 81' lang='lat' dir='ltr'>iignificatu</span> <span class='ocrx_word' id='word_1_99' title='bbox 1650 290 1726 320; x_wconf 84' lang='lat' dir='ltr'>U&#39;ter</span> <span class='ocrx_word' id='word_1_100' title='bbox 1736 290 1787 318; x_wconf 85' lang='lat' dir='ltr'>de-</span> 
     </span>
    </p>
   </div>
   <div class='ocr_carea' id='block_1_4' title="bbox 79 329 1787 1509">
    <p class='ocr_par' dir='ltr' id='par_1_5' title="bbox 79 329 1787 1509">
     <span class='ocr_line' id='line_1_8' title="bbox 985 329 1787 370; baseline 0.005 -13"><span class='ocrx_word' id='word_1_101' title='bbox 985 338 1081 358; x_wconf 73' lang='lat' dir='ltr'>notate</span> <span class='ocrx_word' id='word_1_102' title='bbox 1092 329 1157 358; x_wconf 89' lang='lat' dir='ltr'>hinc</span> <span class='ocrx_word' id='word_1_103' title='bbox 1170 330 1318 368; x_wconf 75' lang='lat' dir='ltr'>aliquando</span> <span class='ocrx_word' id='word_1_104' title='bbox 1329 339 1380 368; x_wconf 89' lang='lat' dir='ltr'>pro</span> <span class='ocrx_word' id='word_1_105' title='bbox 1391 329 1454 358; x_wconf 83' lang='lat' dir='ltr'>vase</span> <span class='ocrx_word' id='word_1_106' title='bbox 1467 341 1550 359; x_wconf 79' lang='lat' dir='ltr'>vacuo</span> <span class='ocrx_word' id='word_1_107' title='bbox 1560 330 1695 370; x_wconf 80' lang='lat' dir='ltr'>accipitur</span> <span class='ocrx_word' id='word_1_108' title='bbox 1704 353 1713 366; x_wconf 88' lang='lat'><em>‚</em></span> <span class='ocrx_word' id='word_1_109' title='bbox 1727 341 1787 361; x_wconf 87' lang='lat' dir='ltr'>rui·-</span> 
     </span>
     <span class='ocr_line' id='line_1_9' title="bbox 983 369 1786 413; baseline 0.006 -15"><span class='ocrx_word' id='word_1_110' title='bbox 983 369 1025 398; x_wconf 85' lang='lat' dir='ltr'>sus</span> <span class='ocrx_word' id='word_1_111' title='bbox 1037 370 1069 398; x_wconf 88' lang='lat' dir='ltr'>ad</span> <span class='ocrx_word' id='word_1_112' title='bbox 1078 370 1224 400; x_wconf 86' lang='lat' dir='ltr'>homiuem</span> <span class='ocrx_word' id='word_1_113' title='bbox 1238 369 1339 398; x_wconf 79' lang='lat' dir='ltr'>samum</span> <span class='ocrx_word' id='word_1_114' title='bbox 1351 369 1515 399; x_wconf 75' lang='lat' dir='ltr'>transfertur</span> <span class='ocrx_word' id='word_1_115' title='bbox 1526 393 1534 405; x_wconf 90' lang='lat'><em>,</em></span> <span class='ocrx_word' id='word_1_116' title='bbox 1557 383 1590 401; x_wconf 87' lang='lat' dir='ltr'>ex</span> <span class='ocrx_word' id='word_1_117' title='bbox 1609 383 1643 401; x_wconf 91' lang='lat' dir='ltr'>eo</span> <span class='ocrx_word' id='word_1_118' title='bbox 1655 375 1730 413; x_wconf 88' lang='lat' dir='ltr'>quod</span> <span class='ocrx_word' id='word_1_119' title='bbox 1742 374 1786 403; x_wconf 93' lang='lat' dir='ltr'>in-</span> 
     </span>
     <span class='ocr_line' id='line_1_10' title="bbox 983 411 1784 453; baseline 0.006 -14"><span class='ocrx_word' id='word_1_120' title='bbox 983 411 1149 450; x_wconf 80' lang='lat' dir='ltr'>telligciitiae</span> <span class='ocrx_word' id='word_1_121' title='bbox 1162 411 1193 440; x_wconf 79' lang='lat' dir='ltr'>sit</span> <span class='ocrx_word' id='word_1_122' title='bbox 1207 420 1304 440; x_wconf 76' lang='lat' dir='ltr'>vacuus</span> <span class='ocrx_word' id='word_1_123' title='bbox 1316 431 1323 438; x_wconf 91' lang='lat'><strong>.</strong></span> <span class='ocrx_word' id='word_1_124' title='bbox 1334 413 1406 440; x_wconf 81' lang='lat' dir='ltr'>Item</span> <span class='ocrx_word' id='word_1_125' title='bbox 1416 412 1551 451; x_wconf 81' lang='lat' dir='ltr'>fignificat</span> <span class='ocrx_word' id='word_1_126' title='bbox 1562 413 1679 442; x_wconf 72' lang='lat' dir='ltr'>fistulam</span> <span class='ocrx_word' id='word_1_127' title='bbox 1690 415 1784 453; x_wconf 76' lang='lat' dir='ltr'>pasto-</span> 
     </span>
     <span class='ocr_line' id='line_1_11' title="bbox 983 452 1782 489; baseline 0.006 -10"><span class='ocrx_word' id='word_1_128' title='bbox 983 452 1069 480; x_wconf 85' lang='lat' dir='ltr'>ralem</span> <span class='ocrx_word' id='word_1_129' title='bbox 1080 452 1213 480; x_wconf 81' lang='lat' dir='ltr'>diauiiiim</span> <span class='ocrx_word' id='word_1_130' title='bbox 1227 473 1234 484; x_wconf 91' lang='lat'>,</span> <span class='ocrx_word' id='word_1_131' title='bbox 1247 452 1436 486; x_wconf 68' lang='lat' dir='ltr'>monaulfflm,</span> <span class='ocrx_word' id='word_1_132' title='bbox 1447 453 1504 482; x_wconf 77' lang='lat' dir='ltr'>live</span> <span class='ocrx_word' id='word_1_133' title='bbox 1515 453 1610 483; x_wconf 85' lang='lat' dir='ltr'>tibiam</span> <span class='ocrx_word' id='word_1_134' title='bbox 1620 466 1628 485; x_wconf 70' lang='grc' dir='ltr'><em>ς</em></span> <span class='ocrx_word' id='word_1_135' title='bbox 1638 456 1782 489; x_wconf 67' lang='lat' dir='ltr'>muricum,</span> 
     </span>
     <span class='ocr_line' id='line_1_12' title="bbox 982 492 1783 534; baseline 0.006 -14"><span class='ocrx_word' id='word_1_136' title='bbox 982 502 1011 521; x_wconf 84' lang='lat' dir='ltr'>ac</span> <span class='ocrx_word' id='word_1_137' title='bbox 1022 492 1146 522; x_wconf 82' lang='lat' dir='ltr'>rusticale</span> <span class='ocrx_word' id='word_1_138' title='bbox 1157 493 1370 521; x_wconf 79' lang='lat' dir='ltr'>instrumentum</span> <span class='ocrx_word' id='word_1_139' title='bbox 1381 515 1389 526; x_wconf 92' lang='lat'><em>‚</em></span> <span class='ocrx_word' id='word_1_140' title='bbox 1409 494 1454 522; x_wconf 91' lang='lat' dir='ltr'>cui</span> <span class='ocrx_word' id='word_1_141' title='bbox 1471 503 1532 524; x_wconf 86' lang='lat' dir='ltr'>utet</span> <span class='ocrx_word' id='word_1_142' title='bbox 1551 496 1653 534; x_wconf 83' lang='lat' dir='ltr'>pendet</span> <span class='ocrx_word' id='word_1_143' title='bbox 1663 518 1672 530; x_wconf 91' lang='lat'><em>‚</em></span> <span class='ocrx_word' id='word_1_144' title='bbox 1693 507 1723 525; x_wconf 81' lang='lat' dir='ltr'>ac</span> <span class='ocrx_word' id='word_1_145' title='bbox 1732 506 1783 525; x_wconf 87' lang='lat' dir='ltr'>ote</span> 
     </span>
     <span class='ocr_line' id='line_1_13' title="bbox 982 532 1784 576; baseline 0.006 -15"><span class='ocrx_word' id='word_1_146' title='bbox 982 533 1096 561; x_wconf 79' lang='lat' dir='ltr'>inflatur</span> <span class='ocrx_word' id='word_1_147' title='bbox 1106 554 1114 566; x_wconf 90' lang='lat'><em>‚</em></span> <span class='ocrx_word' id='word_1_148' title='bbox 1125 543 1155 562; x_wconf 86' lang='lat' dir='ltr'>ut</span> <span class='ocrx_word' id='word_1_149' title='bbox 1164 532 1261 562; x_wconf 86' lang='lat' dir='ltr'>sonum</span> <span class='ocrx_word' id='word_1_150' title='bbox 1270 533 1376 562; x_wconf 65' lang='lat' dir='ltr'>reddat.</span> <span class='ocrx_word' id='word_1_151' title='bbox 1391 535 1499 569; x_wconf 80' lang='lat' dir='ltr'>[Dixit</span> <span class='ocrx_word' id='word_1_152' title='bbox 1507 536 1604 566; x_wconf 72' lang='lat' dir='ltr'>David</span> <span class='ocrx_word' id='word_1_153' title='bbox 1613 536 1784 576; x_wconf 86' lang='lat' dir='ltr'>principibus</span> 
     </span>
     <span class='ocr_line' id='line_1_14' title="bbox 983 574 1783 607; baseline 0.008 -6"><span class='ocrx_word' id='word_1_154' title='bbox 983 574 1144 602; x_wconf 86' lang='lat' dir='ltr'>Levitarum</span> <span class='ocrx_word' id='word_1_155' title='bbox 1156 595 1164 606; x_wconf 91' lang='lat'><em>‚</em></span> <span class='ocrx_word' id='word_1_156' title='bbox 1176 583 1206 602; x_wconf 90' lang='lat' dir='ltr'>ut</span> <span class='ocrx_word' id='word_1_157' title='bbox 1216 574 1418 603; x_wconf 86' lang='lat' dir='ltr'>constituerent</span> <span class='ocrx_word' id='word_1_158' title='bbox 1426 576 1461 604; x_wconf 90' lang='lat' dir='ltr'>de</span> <span class='ocrx_word' id='word_1_159' title='bbox 1472 575 1522 604; x_wconf 86' lang='lat' dir='ltr'>frat</span> <span class='ocrx_word' id='word_1_160' title='bbox 1532 578 1602 606; x_wconf 85' lang='lat' dir='ltr'>ribus</span> <span class='ocrx_word' id='word_1_161' title='bbox 1621 577 1675 606; x_wconf 88' lang='lat' dir='ltr'>suis</span> <span class='ocrx_word' id='word_1_162' title='bbox 1685 588 1783 607; x_wconf 81' lang='lat' dir='ltr'>canto-</span> 
     </span>
     <span class='ocr_line' id='line_1_15' title="bbox 981 615 1782 655; baseline 0.007 -13"><span class='ocrx_word' id='word_1_163' title='bbox 981 624 1022 642; x_wconf 87' lang='lat' dir='ltr'>res</span> <span class='ocrx_word' id='word_1_164' title='bbox 1041 615 1071 643; x_wconf 89' lang='lat' dir='ltr'>in</span> <span class='ocrx_word' id='word_1_165' title='bbox 1083 615 1193 654; x_wconf 77' lang='lat' dir='ltr'>organis</span> <span class='ocrx_word' id='word_1_166' title='bbox 1204 615 1309 644; x_wconf 78' lang='lat' dir='ltr'>musicis</span> <span class='ocrx_word' id='word_1_167' title='bbox 1320 636 1328 648; x_wconf 91' lang='lat'><em>,</em></span> <span class='ocrx_word' id='word_1_168' title='bbox 1349 615 1435 644; x_wconf 79' lang='lat' dir='ltr'>nablis</span> <span class='ocrx_word' id='word_1_169' title='bbox 1445 638 1453 649; x_wconf 87' lang='lat'><em>,</em></span> <span class='ocrx_word' id='word_1_170' title='bbox 1476 618 1609 647; x_wconf 89' lang='lat' dir='ltr'>videlicet</span> <span class='ocrx_word' id='word_1_171' title='bbox 1619 640 1626 651; x_wconf 91' lang='lat'><em>,</em></span> <span class='ocrx_word' id='word_1_172' title='bbox 1647 620 1732 655; x_wconf 84' lang='lat' dir='ltr'>lyris,</span> <span class='ocrx_word' id='word_1_173' title='bbox 1751 623 1782 648; x_wconf 77' lang='grc' dir='ltr'>δε</span> 
     </span>
     <span class='ocr_line' id='line_1_16' title="bbox 979 655 1780 694; baseline 0.007 -11"><span class='ocrx_word' id='word_1_174' title='bbox 979 656 1122 690; x_wconf 80' lang='lat' dir='ltr'>cymbalis,</span> <span class='ocrx_word' id='word_1_175' title='bbox 1135 665 1164 683; x_wconf 89' lang='lat' dir='ltr'>ut</span> <span class='ocrx_word' id='word_1_176' title='bbox 1175 655 1314 684; x_wconf 84' lang='lat' dir='ltr'>resonaret</span> <span class='ocrx_word' id='word_1_177' title='bbox 1323 655 1354 683; x_wconf 89' lang='lat' dir='ltr'>in</span> <span class='ocrx_word' id='word_1_178' title='bbox 1363 657 1473 687; x_wconf 85' lang='lat' dir='ltr'>excellis</span> <span class='ocrx_word' id='word_1_179' title='bbox 1481 657 1590 688; x_wconf 77' lang='lat' dir='ltr'>sonitus</span> <span class='ocrx_word' id='word_1_180' title='bbox 1601 660 1721 694; x_wconf 67' lang='lat' dir='ltr'>letitiae,</span> <span class='ocrx_word' id='word_1_181' title='bbox 1731 660 1780 688; x_wconf 84' lang='lat' dir='ltr'>lib·</span> 
     </span>
     <span class='ocr_line' id='line_1_17' title="bbox 985 696 1781 735; baseline 0.005 -11"><span class='ocrx_word' id='word_1_182' title='bbox 985 706 1008 724; x_wconf 87' lang='lat' dir='ltr'>i.</span> <span class='ocrx_word' id='word_1_183' title='bbox 1018 696 1136 735; x_wconf 81' lang='lat' dir='ltr'>Paralip.</span> <span class='ocrx_word' id='word_1_184' title='bbox 1148 706 1205 734; x_wconf 76' lang='lat' dir='ltr'>cap.</span> <span class='ocrx_word' id='word_1_185' title='bbox 1220 706 1264 731; x_wconf 86' lang='lat'>¹5·</span> <span class='ocrx_word' id='word_1_186' title='bbox 1288 698 1324 725; x_wconf 89' lang='lat' dir='ltr'>In</span> <span class='ocrx_word' id='word_1_187' title='bbox 1335 697 1420 726; x_wconf 82' lang='lat' dir='ltr'>nablis</span> <span class='ocrx_word' id='word_1_188' title='bbox 1429 709 1524 727; x_wconf 75' lang='lat' dir='ltr'>arcana</span> <span class='ocrx_word' id='word_1_189' title='bbox 1536 701 1681 730; x_wconf 71' lang='lat' dir='ltr'>cantabant</span> <span class='ocrx_word' id='word_1_190' title='bbox 1691 721 1699 729; x_wconf 86' lang='lat'><strong>.</strong></span> <span class='ocrx_word' id='word_1_191' title='bbox 1722 700 1781 730; x_wconf 89' lang='lat' dir='ltr'>Ibi·</span> 
     </span>
     <span class='ocr_line' id='line_1_18' title="bbox 979 736 1783 775; baseline 0.006 -10"><span class='ocrx_word' id='word_1_192' title='bbox 979 737 1051 765; x_wconf 88' lang='lat' dir='ltr'>dem.</span> <span class='ocrx_word' id='word_1_193' title='bbox 1063 737 1262 775; x_wconf 68' lang='lat' dir='ltr'>Unusquisque</span> <span class='ocrx_word' id='word_1_194' title='bbox 1271 736 1356 765; x_wconf 77' lang='lat' dir='ltr'>Israel</span> <span class='ocrx_word' id='word_1_195' title='bbox 1368 738 1539 768; x_wconf 72' lang='lat' dir='ltr'>deducebant</span> <span class='ocrx_word' id='word_1_196' title='bbox 1551 737 1653 769; x_wconf 57' lang='lat' dir='ltr'>Arcam</span> <span class='ocrx_word' id='word_1_197' title='bbox 1666 740 1783 770; x_wconf 77' lang='lat' dir='ltr'>foederis</span> 
     </span>
     <span class='ocr_line' id='line_1_19' title="bbox 979 777 1779 815; baseline 0.008 -10"><span class='ocrx_word' id='word_1_198' title='bbox 979 778 1100 806; x_wconf 82' lang='lat' dir='ltr'>Domini</span> <span class='ocrx_word' id='word_1_199' title='bbox 1109 777 1234 813; x_wconf 67' lang='lat' dir='ltr'>injubilo</span> <span class='ocrx_word' id='word_1_200' title='bbox 1246 799 1253 811; x_wconf 93' lang='lat'><em>,</em></span> <span class='ocrx_word' id='word_1_201' title='bbox 1263 781 1290 807; x_wconf 77' lang='grc' dir='ltr'>ὅ(</span> <span class='ocrx_word' id='word_1_202' title='bbox 1300 777 1395 807; x_wconf 85' lang='lat' dir='ltr'>souitu</span> <span class='ocrx_word' id='word_1_203' title='bbox 1408 779 1528 809; x_wconf 68' lang='lat' dir='ltr'>buccinse</span> <span class='ocrx_word' id='word_1_204' title='bbox 1541 802 1549 814; x_wconf 94' lang='lat'><em>,</em></span> <span class='ocrx_word' id='word_1_205' title='bbox 1560 785 1588 810; x_wconf 76' lang='grc' dir='ltr'>δε</span> <span class='ocrx_word' id='word_1_206' title='bbox 1598 783 1668 810; x_wconf 80' lang='lat' dir='ltr'>tubis</span> <span class='ocrx_word' id='word_1_207' title='bbox 1679 804 1687 815; x_wconf 91' lang='lat'><em>,</em></span> <span class='ocrx_word' id='word_1_208' title='bbox 1708 786 1736 811; x_wconf 68' lang='grc' dir='ltr'>δε</span> <span class='ocrx_word' id='word_1_209' title='bbox 1746 782 1779 810; x_wconf 85' lang='lat' dir='ltr'>in</span> 
     </span>
     <span class='ocr_line' id='line_1_20' title="bbox 979 818 1781 860; baseline 0.006 -14"><span class='ocrx_word' id='word_1_210' title='bbox 979 819 1110 854; x_wconf 74' lang='lat' dir='ltr'>cymbalis</span> <span class='ocrx_word' id='word_1_211' title='bbox 1120 840 1127 851; x_wconf 92' lang='lat'><em>,</em></span> <span class='ocrx_word' id='word_1_212' title='bbox 1148 822 1175 847; x_wconf 67' lang='grc' dir='ltr'>ὃ(</span> <span class='ocrx_word' id='word_1_213' title='bbox 1186 819 1271 847; x_wconf 79' lang='lat' dir='ltr'>nablis</span> <span class='ocrx_word' id='word_1_214' title='bbox 1282 840 1289 851; x_wconf 91' lang='lat'>,</span> <span class='ocrx_word' id='word_1_215' title='bbox 1312 822 1340 848; x_wconf 77' lang='grc' dir='ltr'>ὅ(</span> <span class='ocrx_word' id='word_1_216' title='bbox 1351 818 1475 855; x_wconf 82' lang='lat' dir='ltr'>cytharis</span> <span class='ocrx_word' id='word_1_217' title='bbox 1484 831 1680 860; x_wconf 77' lang='lat' dir='ltr'>concrepantes</span> <span class='ocrx_word' id='word_1_218' title='bbox 1690 843 1697 849; x_wconf 96' lang='lat'>.</span> <span class='ocrx_word' id='word_1_219' title='bbox 1721 823 1781 851; x_wconf 76' lang='lat' dir='ltr'>Ibi-</span> 
     </span>
     <span class='ocr_line' id='line_1_21' title="bbox 125 859 1780 903; baseline 0.001 -14"><span class='ocrx_word' id='word_1_220' title='bbox 125 869 167 889; x_wconf 83' lang='lat' dir='ltr'>tus</span> <span class='ocrx_word' id='word_1_221' title='bbox 181 861 337 891; x_wconf 87' lang='lat' dir='ltr'>ministrum</span> <span class='ocrx_word' id='word_1_222' title='bbox 347 870 470 900; x_wconf 75' lang='lat' dir='ltr'>arguerat</span> <span class='ocrx_word' id='word_1_223' title='bbox 480 882 487 893; x_wconf 90' lang='lat'>,</span> <span class='ocrx_word' id='word_1_224' title='bbox 503 860 632 898; x_wconf 80' lang='lat' dir='ltr'>inquiens</span> <span class='ocrx_word' id='word_1_225' title='bbox 644 871 651 889; x_wconf 87' lang='lat'>:</span> <span class='ocrx_word' id='word_1_226' title='bbox 664 861 717 895; x_wconf 93' lang='lat' dir='ltr'>[O</span> <span class='ocrx_word' id='word_1_227' title='bbox 726 859 855 889; x_wconf 84' lang='lat' dir='ltr'>scelerate</span> <span class='ocrx_word' id='word_1_228' title='bbox 866 882 874 893; x_wconf 85' lang='lat'><em>‚</em></span> <span class='ocrx_word' id='word_1_229' title='bbox 896 863 923 888; x_wconf 82' lang='lat'>&amp;</span> <span class='ocrx_word' id='word_1_230' title='bbox 979 860 1058 888; x_wconf 89' lang='lat' dir='ltr'>dem:</span> <span class='ocrx_word' id='word_1_231' title='bbox 1083 863 1116 887; x_wconf 86' lang='lat' dir='ltr'>Et</span> <span class='ocrx_word' id='word_1_232' title='bbox 1129 859 1214 888; x_wconf 86' lang='lat' dir='ltr'>nablis</span> <span class='ocrx_word' id='word_1_233' title='bbox 1223 881 1231 893; x_wconf 95' lang='lat'>,</span> <span class='ocrx_word' id='word_1_234' title='bbox 1252 863 1279 889; x_wconf 83' lang='grc' dir='ltr'>δ(</span> <span class='ocrx_word' id='word_1_235' title='bbox 1291 859 1405 894; x_wconf 84' lang='lat' dir='ltr'>hymnis</span> <span class='ocrx_word' id='word_1_236' title='bbox 1415 864 1467 890; x_wconf 84' lang='lat' dir='ltr'>&amp;c.</span> <span class='ocrx_word' id='word_1_237' title='bbox 1482 872 1505 890; x_wconf 91' lang='lat'>1.</span> <span class='ocrx_word' id='word_1_238' title='bbox 1524 864 1624 892; x_wconf 81' lang='lat' dir='ltr'>Macab.</span> <span class='ocrx_word' id='word_1_239' title='bbox 1634 874 1692 903; x_wconf 77' lang='lat' dir='ltr'>cap.</span> <span class='ocrx_word' id='word_1_240' title='bbox 1709 874 1751 902; x_wconf 84' lang='lat'>13.</span> <span class='ocrx_word' id='word_1_241' title='bbox 1763 865 1780 895; x_wconf 74' lang='lat'><strong>1</strong></span> 
     </span>
     <span class='ocr_line' id='line_1_22' title="bbox 124 900 1782 941; baseline 0.002 -11"><span class='ocrx_word' id='word_1_242' title='bbox 124 902 305 940; x_wconf 83' lang='lat' dir='ltr'>profanorum</span> <span class='ocrx_word' id='word_1_243' title='bbox 316 903 477 941; x_wconf 77' lang='lat' dir='ltr'>mystagoge</span> <span class='ocrx_word' id='word_1_244' title='bbox 487 901 690 930; x_wconf 68' lang='lat' dir='ltr'>simulacrorum</span> <span class='ocrx_word' id='word_1_245' title='bbox 701 911 710 932; x_wconf 68' lang='lat'>5</span> <span class='ocrx_word' id='word_1_246' title='bbox 729 911 775 930; x_wconf 84' lang='lat' dir='ltr'>cur</span> <span class='ocrx_word' id='word_1_247' title='bbox 793 911 835 929; x_wconf 89' lang='lat' dir='ltr'>me</span> <span class='ocrx_word' id='word_1_248' title='bbox 859 901 924 929; x_wconf 82' lang='lat' dir='ltr'>inii-</span> <span class='ocrx_word' id='word_1_249' title='bbox 979 904 1077 929; x_wconf 83' lang='lat' dir='ltr'>Errant</span> <span class='ocrx_word' id='word_1_250' title='bbox 1087 900 1231 938; x_wconf 72' lang='lat' dir='ltr'>siquidem,</span> <span class='ocrx_word' id='word_1_251' title='bbox 1241 901 1288 939; x_wconf 90' lang='lat' dir='ltr'>qui</span> <span class='ocrx_word' id='word_1_252' title='bbox 1300 910 1399 939; x_wconf 76' lang='lat' dir='ltr'>putant</span> <span class='ocrx_word' id='word_1_253' title='bbox 1410 900 1466 930; x_wconf 88' lang='lat' dir='ltr'>hoc</span> <span class='ocrx_word' id='word_1_254' title='bbox 1477 903 1602 932; x_wconf 77' lang='lat' dir='ltr'>muficale</span> <span class='ocrx_word' id='word_1_255' title='bbox 1612 904 1782 934; x_wconf 84' lang='lat' dir='ltr'>instrumen-</span> 
     </span>
     <span class='ocr_line' id='line_1_23' title="bbox 124 940 1586 980; baseline 0.001 -9"><span class='ocrx_word' id='word_1_256' title='bbox 124 943 207 972; x_wconf 76' lang='lat' dir='ltr'>diesis</span> <span class='ocrx_word' id='word_1_257' title='bbox 217 944 269 972; x_wconf 86' lang='lat' dir='ltr'>tuis</span> <span class='ocrx_word' id='word_1_258' title='bbox 278 966 286 978; x_wconf 90' lang='lat'><em>,</em></span> <span class='ocrx_word' id='word_1_259' title='bbox 308 948 335 974; x_wconf 66' lang='lat'>&amp;-</span> <span class='ocrx_word' id='word_1_260' title='bbox 347 953 440 972; x_wconf 86' lang='lat' dir='ltr'>uxoris</span> <span class='ocrx_word' id='word_1_261' title='bbox 450 944 578 977; x_wconf 80' lang='lat' dir='ltr'>lacrymis</span> <span class='ocrx_word' id='word_1_262' title='bbox 589 942 677 971; x_wconf 82' lang='lat' dir='ltr'>studes</span> <span class='ocrx_word' id='word_1_263' title='bbox 689 942 820 970; x_wconf 83' lang='lat' dir='ltr'>abducere</span> <span class='ocrx_word' id='word_1_264' title='bbox 832 952 846 970; x_wconf 80' lang='lat' dir='ltr'>a</span> <span class='ocrx_word' id='word_1_265' title='bbox 857 953 922 970; x_wconf 85' lang='lat' dir='ltr'>con-</span> <span class='ocrx_word' id='word_1_266' title='bbox 978 951 1038 969; x_wconf 89' lang='lat' dir='ltr'>tum</span> <span class='ocrx_word' id='word_1_267' title='bbox 1047 940 1205 980; x_wconf 78' lang='lat' dir='ltr'>psalterium</span> <span class='ocrx_word' id='word_1_268' title='bbox 1217 940 1291 970; x_wconf 77' lang='lat' dir='ltr'>fuiss&#39;e</span> <span class='ocrx_word' id='word_1_269' title='bbox 1300 942 1395 971; x_wconf 75' lang='lat' dir='ltr'>decem</span> <span class='ocrx_word' id='word_1_270' title='bbox 1405 941 1568 973; x_wconf 78' lang='lat' dir='ltr'>chordarum</span> <span class='ocrx_word' id='word_1_271' title='bbox 1578 965 1586 973; x_wconf 92' lang='grc'><strong>.</strong></span> 
     </span>
     <span class='ocr_line' id='line_1_24' title="bbox 125 981 1320 1022; baseline -0.001 -12"><span class='ocrx_word' id='word_1_272' title='bbox 125 982 239 1012; x_wconf 81' lang='lat' dir='ltr'>sessione</span> <span class='ocrx_word' id='word_1_273' title='bbox 259 985 288 1012; x_wconf 89' lang='lat' dir='ltr'>in</span> <span class='ocrx_word' id='word_1_274' title='bbox 301 984 445 1014; x_wconf 79' lang='lat' dir='ltr'>Christum</span> <span class='ocrx_word' id='word_1_275' title='bbox 459 987 468 1012; x_wconf 74' lang='grc' dir='ltr'><strong><em>ἓ</em></strong></span> <span class='ocrx_word' id='word_1_276' title='bbox 486 987 526 1012; x_wconf 83' lang='lat' dir='ltr'>Ex</span> <span class='ocrx_word' id='word_1_277' title='bbox 548 982 725 1022; x_wconf 67' lang='lat' dir='ltr'>Metaphrzst.</span> <span class='ocrx_word' id='word_1_278' title='bbox 737 983 923 1022; x_wconf 78' lang='lat' dir='ltr'>Lippomanus</span> <span class='ocrx_word' id='word_1_279' title='bbox 938 984 1080 1011; x_wconf 69' lang='lat' dir='ltr'>NAistizo</span> <span class='ocrx_word' id='word_1_280' title='bbox 1093 1003 1101 1015; x_wconf 92' lang='lat'>‚</span> <span class='ocrx_word' id='word_1_281' title='bbox 1124 981 1211 1010; x_wconf 84' lang='lat' dir='ltr'>fistula</span> <span class='ocrx_word' id='word_1_282' title='bbox 1233 982 1320 1010; x_wconf 89' lang='lat' dir='ltr'>sono.</span> 
     </span>
     <span class='ocr_line' id='line_1_25' title="bbox 124 1021 1779 1066; baseline 0.003 -15"><span class='ocrx_word' id='word_1_283' title='bbox 124 1033 193 1052; x_wconf 65' lang='lat' dir='ltr'>tom.</span> <span class='ocrx_word' id='word_1_284' title='bbox 209 1035 233 1059; x_wconf 88' lang='lat'>5.</span> <span class='ocrx_word' id='word_1_285' title='bbox 243 1028 270 1053; x_wconf 69' lang='grc' dir='ltr'>δι</span> <span class='ocrx_word' id='word_1_286' title='bbox 283 1026 342 1053; x_wconf 81' lang='lat' dir='ltr'>Sur.</span> <span class='ocrx_word' id='word_1_287' title='bbox 352 1034 421 1052; x_wconf 88' lang='lat' dir='ltr'>tom.</span> <span class='ocrx_word' id='word_1_288' title='bbox 438 1035 460 1052; x_wconf 88' lang='grc' dir='ltr'>ι.</span> <span class='ocrx_word' id='word_1_289' title='bbox 937 1025 1045 1053; x_wconf 72' lang='grc' dir='ltr'>ΝΑςυε</span> <span class='ocrx_word' id='word_1_290' title='bbox 1058 1045 1066 1056; x_wconf 84' lang='lat'><em>‚</em></span> <span class='ocrx_word' id='word_1_291' title='bbox 1078 1023 1145 1050; x_wconf 77' lang='lat' dir='ltr'>lanae</span> <span class='ocrx_word' id='word_1_292' title='bbox 1157 1032 1260 1060; x_wconf 75' lang='lat' dir='ltr'>pannus</span> <span class='ocrx_word' id='word_1_293' title='bbox 1271 1044 1278 1055; x_wconf 87' lang='lat'><em>,</em></span> <span class='ocrx_word' id='word_1_294' title='bbox 1289 1034 1322 1051; x_wconf 79' lang='lat' dir='ltr'>cx</span> <span class='ocrx_word' id='word_1_295' title='bbox 1331 1033 1424 1062; x_wconf 54' lang='lat' dir='ltr'>gra-co</span> <span class='ocrx_word' id='word_1_296' title='bbox 1437 1021 1515 1061; x_wconf 64' lang='grc' dir='ltr'><strong><em>νείκας</em></strong></span> <span class='ocrx_word' id='word_1_297' title='bbox 1525 1048 1533 1059; x_wconf 83' lang='grc'><strong><em>,</em></strong></span> <span class='ocrx_word' id='word_1_298' title='bbox 1555 1025 1636 1064; x_wconf 82' lang='lat' dir='ltr'>pellis</span> <span class='ocrx_word' id='word_1_299' title='bbox 1646 1027 1759 1066; x_wconf 78' lang='lat' dir='ltr'>caprina</span> <span class='ocrx_word' id='word_1_300' title='bbox 1769 1048 1779 1060; x_wconf 87' lang='lat'><em>,</em></span> 
     </span>
     <span class='ocr_line' id='line_1_26' title="bbox 85 1063 1779 1105; baseline 0.002 -12"><span class='ocrx_word' id='word_1_301' title='bbox 85 1064 268 1094; x_wconf 60' lang='lat' dir='ltr'>Muranum</span> <span class='ocrx_word' id='word_1_302' title='bbox 282 1067 365 1094; x_wconf 71' lang='lat' dir='ltr'>fiori</span> <span class='ocrx_word' id='word_1_303' title='bbox 376 1086 383 1093; x_wconf 94' lang='lat'><strong><em>.</em></strong></span> <span class='ocrx_word' id='word_1_304' title='bbox 400 1066 455 1094; x_wconf 68' lang='lat' dir='ltr'>PR.</span> <span class='ocrx_word' id='word_1_305' title='bbox 468 1064 549 1093; x_wconf 79' lang='lat' dir='ltr'>vei-ba</span> <span class='ocrx_word' id='word_1_306' title='bbox 558 1063 679 1101; x_wconf 68' lang='lat' dir='ltr'>apposita</span> <span class='ocrx_word' id='word_1_307' title='bbox 690 1064 719 1092; x_wconf 91' lang='lat' dir='ltr'>in</span> <span class='ocrx_word' id='word_1_308' title='bbox 732 1064 818 1093; x_wconf 77' lang='lat' dir='ltr'>forma</span> <span class='ocrx_word' id='word_1_309' title='bbox 827 1063 921 1093; x_wconf 87' lang='lat' dir='ltr'>conse-</span> <span class='ocrx_word' id='word_1_310' title='bbox 978 1065 1046 1092; x_wconf 82' lang='lat' dir='ltr'>item</span> <span class='ocrx_word' id='word_1_311' title='bbox 1057 1064 1144 1092; x_wconf 85' lang='lat' dir='ltr'>vellus</span> <span class='ocrx_word' id='word_1_312' title='bbox 1154 1084 1161 1096; x_wconf 90' lang='lat'>‚</span> <span class='ocrx_word' id='word_1_313' title='bbox 1175 1073 1220 1092; x_wconf 78' lang='lat' dir='ltr'>aut</span> <span class='ocrx_word' id='word_1_314' title='bbox 1230 1064 1312 1102; x_wconf 86' lang='lat' dir='ltr'>pellis</span> <span class='ocrx_word' id='word_1_315' title='bbox 1323 1065 1415 1093; x_wconf 81' lang='lat' dir='ltr'>arietis</span> <span class='ocrx_word' id='word_1_316' title='bbox 1426 1086 1434 1097; x_wconf 87' lang='lat'><em>‚</em></span> <span class='ocrx_word' id='word_1_317' title='bbox 1445 1065 1500 1094; x_wconf 81' lang='lat' dir='ltr'>{ive</span> <span class='ocrx_word' id='word_1_318' title='bbox 1510 1077 1550 1095; x_wconf 82' lang='lat' dir='ltr'>res</span> <span class='ocrx_word' id='word_1_319' title='bbox 1560 1066 1654 1105; x_wconf 81' lang='lat' dir='ltr'>pilosa.</span> <span class='ocrx_word' id='word_1_320' title='bbox 1668 1068 1779 1104; x_wconf 83' lang='lat' dir='ltr'>[Albus</span> 
     </span>
     <span class='ocr_line' id='line_1_27' title="bbox 124 1104 1779 1148; baseline 0.002 -14"><span class='ocrx_word' id='word_1_321' title='bbox 124 1105 254 1134; x_wconf 78' lang='lat' dir='ltr'>trationis</span> <span class='ocrx_word' id='word_1_322' title='bbox 264 1105 404 1145; x_wconf 76' lang='lat' dir='ltr'>sanguinis</span> <span class='ocrx_word' id='word_1_323' title='bbox 415 1126 422 1133; x_wconf 92' lang='lat'><strong><em>.</em></strong></span> <span class='ocrx_word' id='word_1_324' title='bbox 434 1105 521 1134; x_wconf 86' lang='lat' dir='ltr'>Unde</span> <span class='ocrx_word' id='word_1_325' title='bbox 531 1115 589 1133; x_wconf 80' lang='lat' dir='ltr'>orta</span> <span class='ocrx_word' id='word_1_326' title='bbox 601 1107 638 1133; x_wconf 78' lang='lat' dir='ltr'>est</span> <span class='ocrx_word' id='word_1_327' title='bbox 650 1105 764 1143; x_wconf 81' lang='lat' dir='ltr'>quaestio</span> <span class='ocrx_word' id='word_1_328' title='bbox 776 1127 784 1138; x_wconf 77' lang='lat'><em>‚</em></span> <span class='ocrx_word' id='word_1_329' title='bbox 794 1107 869 1141; x_wconf 86' lang='lat' dir='ltr'>cujus</span> <span class='ocrx_word' id='word_1_330' title='bbox 881 1115 923 1134; x_wconf 78' lang='lat' dir='ltr'>re-</span> <span class='ocrx_word' id='word_1_331' title='bbox 978 1104 1141 1144; x_wconf 75' lang='lat' dir='ltr'>parasraenus</span> <span class='ocrx_word' id='word_1_332' title='bbox 1150 1115 1211 1132; x_wconf 91' lang='lat' dir='ltr'>cum</span> <span class='ocrx_word' id='word_1_333' title='bbox 1222 1115 1288 1133; x_wconf 75' lang='lat' dir='ltr'>naco</span> <span class='ocrx_word' id='word_1_334' title='bbox 1299 1104 1406 1134; x_wconf 77' lang='lat' dir='ltr'>scarlati</span> <span class='ocrx_word' id='word_1_335' title='bbox 1416 1105 1594 1146; x_wconf 80' lang='lat' dir='ltr'>supraposito,</span> <span class='ocrx_word' id='word_1_336' title='bbox 1604 1112 1632 1137; x_wconf 75' lang='grc' dir='ltr'>δε</span> <span class='ocrx_word' id='word_1_337' title='bbox 1641 1119 1779 1148; x_wconf 83' lang='lat' dir='ltr'>argenteo</span> 
     </span>
     <span class='ocr_line' id='line_1_28' title="bbox 124 1144 1775 1188; baseline 0.002 -14"><span class='ocrx_word' id='word_1_338' title='bbox 124 1144 228 1174; x_wconf 87' lang='lat' dir='ltr'>solutio</span> <span class='ocrx_word' id='word_1_339' title='bbox 238 1145 352 1175; x_wconf 82' lang='lat' dir='ltr'>habetur</span> <span class='ocrx_word' id='word_1_340' title='bbox 362 1148 391 1176; x_wconf 86' lang='lat' dir='ltr'>in</span> <span class='ocrx_word' id='word_1_341' title='bbox 402 1157 459 1185; x_wconf 82' lang='lat' dir='ltr'>cap.</span> <span class='ocrx_word' id='word_1_342' title='bbox 473 1152 500 1174; x_wconf 87' lang='lat'>6.</span> <span class='ocrx_word' id='word_1_343' title='bbox 509 1146 556 1174; x_wconf 89' lang='lat' dir='ltr'>lib.</span> <span class='ocrx_word' id='word_1_344' title='bbox 567 1156 594 1183; x_wconf 85' lang='lat'>3.</span> <span class='ocrx_word' id='word_1_345' title='bbox 605 1146 733 1174; x_wconf 81' lang='lat' dir='ltr'>decretal.</span> <span class='ocrx_word' id='word_1_346' title='bbox 746 1146 790 1174; x_wconf 89' lang='lat' dir='ltr'>tit.</span> <span class='ocrx_word' id='word_1_347' title='bbox 804 1157 852 1181; x_wconf 84' lang='lat'>4¹·</span> <span class='ocrx_word' id='word_1_348' title='bbox 979 1148 1066 1174; x_wconf 59' lang='lat' dir='ltr'>ira-iio</span> <span class='ocrx_word' id='word_1_349' title='bbox 1074 1155 1239 1184; x_wconf 66' lang='lat' dir='ltr'>praeparatus</span> <span class='ocrx_word' id='word_1_350' title='bbox 1249 1156 1263 1174; x_wconf 76' lang='lat' dir='ltr'>a</span> <span class='ocrx_word' id='word_1_351' title='bbox 1274 1145 1467 1175; x_wconf 67' lang='lat' dir='ltr'>mareschalco.</span> <span class='ocrx_word' id='word_1_352' title='bbox 1480 1150 1492 1179; x_wconf 90' lang='grc'>]</span> <span class='ocrx_word' id='word_1_353' title='bbox 1505 1148 1640 1186; x_wconf 82' lang='lat' dir='ltr'>Loquitur</span> <span class='ocrx_word' id='word_1_354' title='bbox 1648 1150 1683 1178; x_wconf 84' lang='lat' dir='ltr'>de</span> <span class='ocrx_word' id='word_1_355' title='bbox 1693 1160 1775 1188; x_wconf 88' lang='lat' dir='ltr'>equo,</span> 
     </span>
     <span class='ocr_line' id='line_1_29' title="bbox 79 1183 1776 1226; baseline 0.002 -11"><span class='ocrx_word' id='word_1_356' title='bbox 79 1187 200 1216; x_wconf 79' lang='lat' dir='ltr'>Mrsri-:s</span> <span class='ocrx_word' id='word_1_357' title='bbox 213 1209 221 1220; x_wconf 85' lang='lat'><em>‚</em></span> <span class='ocrx_word' id='word_1_358' title='bbox 230 1198 317 1226; x_wconf 70' lang='lat' dir='ltr'>gi-aece</span> <span class='ocrx_word' id='word_1_359' title='bbox 330 1185 420 1222; x_wconf 75' lang='grc' dir='ltr'><strong><em>Μυςγίς</em></strong></span> <span class='ocrx_word' id='word_1_360' title='bbox 431 1209 439 1220; x_wconf 91' lang='lat'><em>‚</em></span> <span class='ocrx_word' id='word_1_361' title='bbox 460 1186 530 1214; x_wconf 89' lang='lat' dir='ltr'>idest</span> <span class='ocrx_word' id='word_1_362' title='bbox 543 1208 550 1219; x_wconf 82' lang='lat'><em>‚</em></span> <span class='ocrx_word' id='word_1_363' title='bbox 563 1186 666 1224; x_wconf 84' lang='lat' dir='ltr'>peritus</span> <span class='ocrx_word' id='word_1_364' title='bbox 680 1208 686 1219; x_wconf 85' lang='lat'><em>,</em></span> <span class='ocrx_word' id='word_1_365' title='bbox 711 1187 794 1215; x_wconf 80' lang='lat' dir='ltr'>etiam</span> <span class='ocrx_word' id='word_1_366' title='bbox 814 1197 865 1225; x_wconf 84' lang='lat' dir='ltr'>pro</span> <span class='ocrx_word' id='word_1_367' title='bbox 874 1188 919 1215; x_wconf 85' lang='lat' dir='ltr'>Sa·</span> <span class='ocrx_word' id='word_1_368' title='bbox 978 1187 1009 1214; x_wconf 82' lang='lat' dir='ltr'>iii</span> <span class='ocrx_word' id='word_1_369' title='bbox 1020 1197 1074 1225; x_wconf 90' lang='lat' dir='ltr'>quo</span> <span class='ocrx_word' id='word_1_370' title='bbox 1084 1188 1154 1225; x_wconf 75' lang='lat' dir='ltr'>Papa</span> <span class='ocrx_word' id='word_1_371' title='bbox 1164 1187 1287 1225; x_wconf 79' lang='lat' dir='ltr'>equitare</span> <span class='ocrx_word' id='word_1_372' title='bbox 1296 1183 1400 1215; x_wconf 78' lang='lat' dir='ltr'>solebat</span> <span class='ocrx_word' id='word_1_373' title='bbox 1419 1188 1449 1216; x_wconf 90' lang='lat' dir='ltr'>in</span> <span class='ocrx_word' id='word_1_374' title='bbox 1458 1189 1503 1217; x_wconf 87' lang='lat' dir='ltr'>die</span> <span class='ocrx_word' id='word_1_375' title='bbox 1513 1188 1624 1218; x_wconf 66' lang='lat' dir='ltr'>Paschae</span> <span class='ocrx_word' id='word_1_376' title='bbox 1635 1211 1644 1223; x_wconf 84' lang='lat'>‚</span> <span class='ocrx_word' id='word_1_377' title='bbox 1655 1191 1776 1220; x_wconf 86' lang='lat' dir='ltr'>Benedi-</span> 
     </span>
     <span class='ocr_line' id='line_1_30' title="bbox 120 1227 1775 1266; baseline 0.003 -11"><span class='ocrx_word' id='word_1_378' title='bbox 120 1228 232 1256; x_wconf 84' lang='lat' dir='ltr'>cerdote</span> <span class='ocrx_word' id='word_1_379' title='bbox 241 1227 383 1266; x_wconf 82' lang='lat' dir='ltr'>usurpatur</span> <span class='ocrx_word' id='word_1_380' title='bbox 393 1249 402 1261; x_wconf 96' lang='lat'><em>‚</em></span> <span class='ocrx_word' id='word_1_381' title='bbox 424 1227 497 1256; x_wconf 89' lang='lat' dir='ltr'>unde</span> <span class='ocrx_word' id='word_1_382' title='bbox 509 1228 687 1265; x_wconf 77' lang='lat' dir='ltr'>Protomystes</span> <span class='ocrx_word' id='word_1_383' title='bbox 697 1228 846 1266; x_wconf 77' lang='lat' dir='ltr'>aliquando</span> <span class='ocrx_word' id='word_1_384' title='bbox 855 1229 921 1266; x_wconf 83' lang='lat' dir='ltr'>Epi·</span> <span class='ocrx_word' id='word_1_385' title='bbox 977 1227 1165 1256; x_wconf 43' lang='lat' dir='ltr'>&amp;iis‘Basilicae</span> <span class='ocrx_word' id='word_1_386' title='bbox 1177 1228 1316 1256; x_wconf 80' lang='lat' dir='ltr'>Vaticanae</span> <span class='ocrx_word' id='word_1_387' title='bbox 1329 1228 1492 1258; x_wconf 80' lang='lat' dir='ltr'>Canonicus</span> <span class='ocrx_word' id='word_1_388' title='bbox 1507 1230 1538 1258; x_wconf 88' lang='lat' dir='ltr'>in</span> <span class='ocrx_word' id='word_1_389' title='bbox 1547 1240 1603 1266; x_wconf 62' lang='lat' dir='ltr'>elus</span> <span class='ocrx_word' id='word_1_390' title='bbox 1621 1232 1660 1259; x_wconf 83' lang='lat' dir='ltr'>M.</span> <span class='ocrx_word' id='word_1_391' title='bbox 1671 1232 1696 1260; x_wconf 89' lang='lat' dir='ltr'>S.</span> <span class='ocrx_word' id='word_1_392' title='bbox 1706 1232 1775 1260; x_wconf 83' lang='lat' dir='ltr'>Cae-</span> 
     </span>
     <span class='ocr_line' id='line_1_31' title="bbox 121 1266 1775 1310; baseline 0.003 -15"><span class='ocrx_word' id='word_1_393' title='bbox 121 1266 235 1306; x_wconf 86' lang='lat' dir='ltr'>scopum</span> <span class='ocrx_word' id='word_1_394' title='bbox 248 1268 380 1307; x_wconf 80' lang='lat' dir='ltr'>fignificat</span> <span class='ocrx_word' id='word_1_395' title='bbox 392 1289 400 1296; x_wconf 91' lang='lat'>.</span> <span class='ocrx_word' id='word_1_396' title='bbox 979 1268 1135 1302; x_wconf 63' lang='lat' dir='ltr'>remonis-li,</span> <span class='ocrx_word' id='word_1_397' title='bbox 1147 1268 1222 1307; x_wconf 89' lang='lat' dir='ltr'>quod</span> <span class='ocrx_word' id='word_1_398' title='bbox 1232 1268 1263 1297; x_wconf 92' lang='lat' dir='ltr'>in</span> <span class='ocrx_word' id='word_1_399' title='bbox 1273 1268 1447 1298; x_wconf 78' lang='lat' dir='ltr'>Bibliotheca</span> <span class='ocrx_word' id='word_1_400' title='bbox 1456 1271 1592 1310; x_wconf 81' lang='lat' dir='ltr'>Angelica</span> <span class='ocrx_word' id='word_1_401' title='bbox 1600 1271 1634 1300; x_wconf 88' lang='lat' dir='ltr'>de</span> <span class='ocrx_word' id='word_1_402' title='bbox 1644 1272 1725 1302; x_wconf 89' lang='lat' dir='ltr'>Urbe</span> <span class='ocrx_word' id='word_1_403' title='bbox 1735 1271 1775 1300; x_wconf 83' lang='lat' dir='ltr'>as-</span> 
     </span>
     <span class='ocr_line' id='line_1_32' title="bbox 82 1307 1777 1351; baseline 0.005 -16"><span class='ocrx_word' id='word_1_404' title='bbox 82 1307 284 1338; x_wconf 62' lang='lat' dir='ltr'>Mrsmxcuus</span> <span class='ocrx_word' id='word_1_405' title='bbox 298 1330 305 1341; x_wconf 93' lang='lat'><em>,</em></span> <span class='ocrx_word' id='word_1_406' title='bbox 315 1308 464 1348; x_wconf 65' lang='grc' dir='ltr'>μιῖςκρχος</span> <span class='ocrx_word' id='word_1_407' title='bbox 476 1335 481 1343; x_wconf 82' lang='grc'>,</span> <span class='ocrx_word' id='word_1_408' title='bbox 492 1307 668 1338; x_wconf 79' lang='lat' dir='ltr'>Sacerdotum</span> <span class='ocrx_word' id='word_1_409' title='bbox 678 1309 853 1348; x_wconf 72' lang='lat' dir='ltr'>praepositu5‚</span> <span class='ocrx_word' id='word_1_410' title='bbox 866 1319 922 1348; x_wconf 84' lang='lat' dir='ltr'>quo</span> <span class='ocrx_word' id='word_1_411' title='bbox 976 1308 1100 1337; x_wconf 75' lang='lat' dir='ltr'>servatur</span> <span class='ocrx_word' id='word_1_412' title='bbox 1113 1329 1120 1336; x_wconf 90' lang='lat'>.</span> <span class='ocrx_word' id='word_1_413' title='bbox 1142 1310 1325 1338; x_wconf 80' lang='lat' dir='ltr'>Innocentius</span> <span class='ocrx_word' id='word_1_414' title='bbox 1334 1311 1391 1338; x_wconf 89' lang='lat'>111.</span> <span class='ocrx_word' id='word_1_415' title='bbox 1409 1311 1440 1339; x_wconf 88' lang='lat' dir='ltr'>in</span> <span class='ocrx_word' id='word_1_416' title='bbox 1451 1321 1506 1347; x_wconf 78' lang='lat' dir='ltr'>e1us</span> <span class='ocrx_word' id='word_1_417' title='bbox 1517 1312 1698 1342; x_wconf 83' lang='lat' dir='ltr'>decretalibus</span> <span class='ocrx_word' id='word_1_418' title='bbox 1716 1313 1777 1351; x_wconf 79' lang='lat' dir='ltr'>epi-</span> 
     </span>
     <span class='ocr_line' id='line_1_33' title="bbox 122 1349 1775 1391; baseline 0.004 -15"><span class='ocrx_word' id='word_1_419' title='bbox 122 1349 208 1378; x_wconf 83' lang='lat' dir='ltr'>titnlo</span> <span class='ocrx_word' id='word_1_420' title='bbox 219 1349 450 1388; x_wconf 83' lang='lat' dir='ltr'>Archiepiscopus</span> <span class='ocrx_word' id='word_1_421' title='bbox 462 1354 479 1379; x_wconf 85' lang='lat' dir='ltr'>&#39;I</span> <span class='ocrx_word' id='word_1_422' title='bbox 487 1351 611 1379; x_wconf 80' lang='lat' dir='ltr'>oletanus</span> <span class='ocrx_word' id='word_1_423' title='bbox 623 1350 758 1379; x_wconf 74' lang='lat' dir='ltr'>fruebatur</span> <span class='ocrx_word' id='word_1_424' title='bbox 769 1370 777 1378; x_wconf 83' lang='lat'><strong><em>.</em></strong></span> <span class='ocrx_word' id='word_1_425' title='bbox 978 1350 1054 1378; x_wconf 86' lang='lat' dir='ltr'>stolis</span> <span class='ocrx_word' id='word_1_426' title='bbox 1065 1350 1110 1378; x_wconf 92' lang='lat' dir='ltr'>lib.</span> <span class='ocrx_word' id='word_1_427' title='bbox 1126 1360 1148 1377; x_wconf 86' lang='lat' dir='ltr'>i.</span> <span class='ocrx_word' id='word_1_428' title='bbox 1159 1351 1232 1379; x_wconf 88' lang='lat' dir='ltr'>inter</span> <span class='ocrx_word' id='word_1_429' title='bbox 1243 1350 1308 1379; x_wconf 74' lang='lat' dir='ltr'>alias</span> <span class='ocrx_word' id='word_1_430' title='bbox 1318 1352 1525 1390; x_wconf 79' lang='lat' dir='ltr'>praerogativas,</span> <span class='ocrx_word' id='word_1_431' title='bbox 1536 1362 1599 1391; x_wconf 80' lang='lat' dir='ltr'>quas</span> <span class='ocrx_word' id='word_1_432' title='bbox 1610 1353 1640 1381; x_wconf 90' lang='lat' dir='ltr'>in</span> <span class='ocrx_word' id='word_1_433' title='bbox 1651 1353 1775 1383; x_wconf 82' lang='lat' dir='ltr'>savorem</span> 
     </span>
     <span class='ocr_line' id='line_1_34' title="bbox 79 1389 1774 1431; baseline 0.004 -14"><span class='ocrx_word' id='word_1_434' title='bbox 79 1389 306 1418; x_wconf 71' lang='lat' dir='ltr'>Mvsreitioimii</span> <span class='ocrx_word' id='word_1_435' title='bbox 318 1392 406 1419; x_wconf 63' lang='lat' dir='ltr'>Limen</span> <span class='ocrx_word' id='word_1_436' title='bbox 417 1411 426 1418; x_wconf 87' lang='lat'><strong>.</strong></span> <span class='ocrx_word' id='word_1_437' title='bbox 450 1391 524 1420; x_wconf 86' lang='lat' dir='ltr'>Vide</span> <span class='ocrx_word' id='word_1_438' title='bbox 535 1391 656 1427; x_wconf 77' lang='lat' dir='ltr'>Mtffalis</span> <span class='ocrx_word' id='word_1_439' title='bbox 669 1412 676 1419; x_wconf 92' lang='lat'><strong>.</strong></span> <span class='ocrx_word' id='word_1_440' title='bbox 978 1390 1111 1429; x_wconf 86' lang='lat' dir='ltr'>Archiep.</span> <span class='ocrx_word' id='word_1_441' title='bbox 1121 1389 1214 1419; x_wconf 89' lang='lat' dir='ltr'>Pisani</span> <span class='ocrx_word' id='word_1_442' title='bbox 1224 1391 1348 1419; x_wconf 82' lang='lat' dir='ltr'>recenset</span> <span class='ocrx_word' id='word_1_443' title='bbox 1357 1412 1365 1424; x_wconf 90' lang='lat'><em>,</em></span> <span class='ocrx_word' id='word_1_444' title='bbox 1377 1391 1436 1421; x_wconf 78' lang='lat' dir='ltr'>liaec</span> <span class='ocrx_word' id='word_1_445' title='bbox 1445 1393 1527 1422; x_wconf 83' lang='lat' dir='ltr'>etiam</span> <span class='ocrx_word' id='word_1_446' title='bbox 1537 1394 1682 1431; x_wconf 87' lang='lat' dir='ltr'>reperitur,</span> <span class='ocrx_word' id='word_1_447' title='bbox 1695 1405 1774 1423; x_wconf 89' lang='lat' dir='ltr'>nem-</span> 
     </span>
     <span class='ocr_line' id='line_1_35' title="bbox 79 1430 1776 1472; baseline 0.005 -16"><span class='ocrx_word' id='word_1_448' title='bbox 79 1430 235 1459; x_wconf 72' lang='lat' dir='ltr'>Mrsriciis</span> <span class='ocrx_word' id='word_1_449' title='bbox 249 1431 332 1459; x_wconf 65' lang='lat' dir='ltr'>Sicrae</span> <span class='ocrx_word' id='word_1_450' title='bbox 345 1432 492 1468; x_wconf 62' lang='lat' dir='ltr'>Scriptura?</span> <span class='ocrx_word' id='word_1_451' title='bbox 504 1431 594 1460; x_wconf 87' lang='lat' dir='ltr'>sensus</span> <span class='ocrx_word' id='word_1_452' title='bbox 604 1451 611 1458; x_wconf 86' lang='lat'>.</span> <span class='ocrx_word' id='word_1_453' title='bbox 624 1432 850 1469; x_wconf 68' lang='lat' dir='ltr'>VideAnagogia</span> <span class='ocrx_word' id='word_1_454' title='bbox 861 1452 868 1459; x_wconf 94' lang='lat'><strong><em>.</em></strong></span> <span class='ocrx_word' id='word_1_455' title='bbox 978 1441 1020 1470; x_wconf 88' lang='lat' dir='ltr'>pe:</span> <span class='ocrx_word' id='word_1_456' title='bbox 1029 1434 1120 1470; x_wconf 83' lang='lat' dir='ltr'>[Equo</span> <span class='ocrx_word' id='word_1_457' title='bbox 1128 1432 1188 1460; x_wconf 75' lang='lat' dir='ltr'>albo</span> <span class='ocrx_word' id='word_1_458' title='bbox 1201 1442 1262 1460; x_wconf 88' lang='lat' dir='ltr'>cum</span> <span class='ocrx_word' id='word_1_459' title='bbox 1272 1442 1341 1460; x_wconf 84' lang='lat' dir='ltr'>naco</span> <span class='ocrx_word' id='word_1_460' title='bbox 1350 1432 1451 1461; x_wconf 76' lang='lat' dir='ltr'>alboin</span> <span class='ocrx_word' id='word_1_461' title='bbox 1463 1433 1679 1472; x_wconf 77' lang='lat' dir='ltr'>procelliouibus</span> <span class='ocrx_word' id='word_1_462' title='bbox 1691 1445 1776 1464; x_wconf 77' lang='lat' dir='ltr'>uten-</span> 
     </span>
     <span class='ocr_line' id='line_1_36' title="bbox 79 1470 599 1509; baseline 0 -12"><span class='ocrx_word' id='word_1_463' title='bbox 79 1470 280 1499; x_wconf 72' lang='lat' dir='ltr'>Mrrtimsruus</span> <span class='ocrx_word' id='word_1_464' title='bbox 293 1491 300 1498; x_wconf 87' lang='lat'>.</span> <span class='ocrx_word' id='word_1_465' title='bbox 313 1471 386 1499; x_wconf 86' lang='lat' dir='ltr'>Vide</span> <span class='ocrx_word' id='word_1_466' title='bbox 396 1473 578 1509; x_wconf 41' lang='lat' dir='ltr'>ilrletacaesmus</span> <span class='ocrx_word' id='word_1_467' title='bbox 591 1491 599 1497; x_wconf 89' lang='lat'><em>.</em></span> 
     </span>
    </p>
   </div>
   <div class='ocr_carea' id='block_1_5' title="bbox 87 291 930 858">
    <p class='ocr_par' dir='ltr' id='par_1_6' title="bbox 127 291 930 412">
     <span class='ocr_line' id='line_1_37' title="bbox 128 291 930 332; baseline -0.002 -11"><span class='ocrx_word' id='word_1_468' title='bbox 128 292 262 332; x_wconf 82' lang='lat' dir='ltr'>unguenti</span> <span class='ocrx_word' id='word_1_469' title='bbox 276 292 382 321; x_wconf 77' lang='lat' dir='ltr'>latrices</span> <span class='ocrx_word' id='word_1_470' title='bbox 393 312 400 320; x_wconf 89' lang='lat'><strong><em>.</em></strong></span> <span class='ocrx_word' id='word_1_471' title='bbox 412 291 507 320; x_wconf 70' lang='lat' dir='ltr'>Graeci</span> <span class='ocrx_word' id='word_1_472' title='bbox 520 291 612 329; x_wconf 83' lang='lat' dir='ltr'>itaque</span> <span class='ocrx_word' id='word_1_473' title='bbox 623 292 805 320; x_wconf 83' lang='lat' dir='ltr'>Doniinicaiu</span> <span class='ocrx_word' id='word_1_474' title='bbox 817 300 930 319; x_wconf 79' lang='lat' dir='ltr'>tertiam</span> 
     </span>
     <span class='ocr_line' id='line_1_38' title="bbox 128 331 929 372; baseline -0.004 -10"><span class='ocrx_word' id='word_1_475' title='bbox 128 334 188 372; x_wconf 81' lang='lat' dir='ltr'>post</span> <span class='ocrx_word' id='word_1_476' title='bbox 209 332 308 362; x_wconf 76' lang='lat' dir='ltr'>Pascha</span> <span class='ocrx_word' id='word_1_477' title='bbox 324 335 504 362; x_wconf 61' lang='lat' dir='ltr'>Dominicam</span> <span class='ocrx_word' id='word_1_478' title='bbox 532 335 692 360; x_wconf 59' lang='lat' dir='ltr'>Sandorum</span> <span class='ocrx_word' id='word_1_479' title='bbox 710 331 929 369; x_wconf 76' lang='lat' dir='ltr'>Myrophororum</span> 
     </span>
     <span class='ocr_line' id='line_1_39' title="bbox 127 372 839 412; baseline -0.003 -10"><span class='ocrx_word' id='word_1_480' title='bbox 127 374 267 412; x_wconf 76' lang='lat' dir='ltr'>appellant</span> <span class='ocrx_word' id='word_1_481' title='bbox 277 384 284 404; x_wconf 68' lang='grc' dir='ltr'><em>ς</em></span> <span class='ocrx_word' id='word_1_482' title='bbox 309 373 344 402; x_wconf 80' lang='lat' dir='ltr'>fic</span> <span class='ocrx_word' id='word_1_483' title='bbox 355 372 470 401; x_wconf 87' lang='lat' dir='ltr'>enimin</span> <span class='ocrx_word' id='word_1_484' title='bbox 479 375 588 410; x_wconf 89' lang='lat' dir='ltr'>Typico</span> <span class='ocrx_word' id='word_1_485' title='bbox 599 373 622 401; x_wconf 89' lang='lat' dir='ltr'>S.</span> <span class='ocrx_word' id='word_1_486' title='bbox 635 373 708 401; x_wconf 72' lang='lat' dir='ltr'>Sabae</span> <span class='ocrx_word' id='word_1_487' title='bbox 720 372 821 410; x_wconf 83' lang='lat' dir='ltr'>legitur</span> <span class='ocrx_word' id='word_1_488' title='bbox 832 392 839 399; x_wconf 92' lang='lat'><strong>.</strong></span> 
     </span>
    </p>

    <p class='ocr_par' dir='ltr' id='par_1_7' title="bbox 87 409 929 574">
     <span class='ocr_line' id='line_1_40' title="bbox 87 409 929 453; baseline -0.005 -10"><span class='ocrx_word' id='word_1_489' title='bbox 87 415 200 444; x_wconf 68' lang='lat' dir='ltr'>Minium</span> <span class='ocrx_word' id='word_1_490' title='bbox 210 436 218 448; x_wconf 92' lang='lat'><em>,</em></span> <span class='ocrx_word' id='word_1_491' title='bbox 243 423 413 453; x_wconf 85' lang='lat' dir='ltr'>unguentum</span> <span class='ocrx_word' id='word_1_492' title='bbox 425 435 432 446; x_wconf 83' lang='lat'><em>,</em></span> <span class='ocrx_word' id='word_1_493' title='bbox 455 422 575 452; x_wconf 63' lang='lat' dir='ltr'>graecum</span> <span class='ocrx_word' id='word_1_494' title='bbox 597 413 690 442; x_wconf 84' lang='lat' dir='ltr'>vocab.</span> <span class='ocrx_word' id='word_1_495' title='bbox 700 409 779 451; x_wconf 76' lang='grc' dir='ltr'><strong><em>μύρον</em></strong></span> <span class='ocrx_word' id='word_1_496' title='bbox 790 431 797 440; x_wconf 87' lang='lat'><strong>·</strong></span> <span class='ocrx_word' id='word_1_497' title='bbox 823 418 835 447; x_wconf 95' lang='lat'>[</span> <span class='ocrx_word' id='word_1_498' title='bbox 847 412 929 441; x_wconf 82' lang='lat' dir='ltr'>Lavit</span> 
     </span>
     <span class='ocr_line' id='line_1_41' title="bbox 127 451 927 493; baseline -0.006 -9"><span class='ocrx_word' id='word_1_499' title='bbox 127 464 224 493; x_wconf 76' lang='lat' dir='ltr'>corpus</span> <span class='ocrx_word' id='word_1_500' title='bbox 236 454 312 483; x_wconf 90' lang='lat' dir='ltr'>suum</span> <span class='ocrx_word' id='word_1_501' title='bbox 323 476 331 488; x_wconf 93' lang='lat'><em>‚</em></span> <span class='ocrx_word' id='word_1_502' title='bbox 343 458 370 483; x_wconf 62' lang='grc' dir='ltr'>ἃ</span> <span class='ocrx_word' id='word_1_503' title='bbox 383 454 462 483; x_wconf 81' lang='lat' dir='ltr'>unxit</span> <span class='ocrx_word' id='word_1_504' title='bbox 472 453 499 482; x_wconf 84' lang='lat' dir='ltr'>sc</span> <span class='ocrx_word' id='word_1_505' title='bbox 511 463 592 488; x_wconf 89' lang='lat' dir='ltr'>myro</span> <span class='ocrx_word' id='word_1_506' title='bbox 603 454 712 491; x_wconf 86' lang='lat' dir='ltr'>optimo</span> <span class='ocrx_word' id='word_1_507' title='bbox 722 474 728 480; x_wconf 92' lang='lat'><em>.</em></span> <span class='ocrx_word' id='word_1_508' title='bbox 748 451 859 490; x_wconf 88' lang='lat' dir='ltr'>Judith.</span> <span class='ocrx_word' id='word_1_509' title='bbox 870 463 927 491; x_wconf 79' lang='lat' dir='ltr'>cap.</span> 
     </span>
     <span class='ocr_line' id='line_1_42' title="bbox 131 493 926 532; baseline -0.004 -9"><span class='ocrx_word' id='word_1_510' title='bbox 131 507 139 523; x_wconf 77' lang='lat' dir='ltr'>i</span> <span class='ocrx_word' id='word_1_511' title='bbox 148 507 174 524; x_wconf 93' lang='lat'>0.</span> <span class='ocrx_word' id='word_1_512' title='bbox 188 498 199 528; x_wconf 91' lang='lat'>]</span> <span class='ocrx_word' id='word_1_513' title='bbox 212 499 304 524; x_wconf 72' lang='lat' dir='ltr'>Gra-ci</span> <span class='ocrx_word' id='word_1_514' title='bbox 315 495 417 524; x_wconf 87' lang='lat' dir='ltr'>deinde</span> <span class='ocrx_word' id='word_1_515' title='bbox 428 494 555 524; x_wconf 69' lang='lat' dir='ltr'>SanCtum</span> <span class='ocrx_word' id='word_1_516' title='bbox 567 493 696 524; x_wconf 76' lang='lat' dir='ltr'>chrisma</span> <span class='ocrx_word' id='word_1_517' title='bbox 707 498 803 532; x_wconf 79' lang='lat' dir='ltr'>Myron</span> <span class='ocrx_word' id='word_1_518' title='bbox 813 503 926 524; x_wconf 72' lang='lat' dir='ltr'>vocant,</span> 
     </span>
     <span class='ocr_line' id='line_1_43' title="bbox 127 534 887 574; baseline -0.007 -8"><span class='ocrx_word' id='word_1_519' title='bbox 127 540 155 566; x_wconf 74' lang='grc' dir='ltr'>δι</span> <span class='ocrx_word' id='word_1_520' title='bbox 167 535 328 565; x_wconf 75' lang='lat' dir='ltr'>Melitenses</span> <span class='ocrx_word' id='word_1_521' title='bbox 339 541 422 574; x_wconf 73' lang='lat' dir='ltr'>Myra</span> <span class='ocrx_word' id='word_1_522' title='bbox 433 536 506 564; x_wconf 89' lang='lat' dir='ltr'>idem</span> <span class='ocrx_word' id='word_1_523' title='bbox 516 535 717 564; x_wconf 81' lang='lat' dir='ltr'>Sacramentum</span> <span class='ocrx_word' id='word_1_524' title='bbox 727 534 867 572; x_wconf 75' lang='lat' dir='ltr'>appellant</span> <span class='ocrx_word' id='word_1_525' title='bbox 879 554 887 562; x_wconf 91' lang='lat'><strong><em>.</em></strong></span> 
     </span>
    </p>

    <p class='ocr_par' dir='ltr' id='par_1_8' title="bbox 87 577 462 616">
     <span class='ocr_line' id='line_1_44' title="bbox 87 577 462 616; baseline -0.005 -10"><span class='ocrx_word' id='word_1_526' title='bbox 87 579 201 606; x_wconf 63' lang='lat' dir='ltr'>Mrsrffi</span> <span class='ocrx_word' id='word_1_527' title='bbox 213 597 220 604; x_wconf 93' lang='lat'>.</span> <span class='ocrx_word' id='word_1_528' title='bbox 246 577 319 606; x_wconf 78' lang='lat' dir='ltr'>Vide</span> <span class='ocrx_word' id='word_1_529' title='bbox 341 583 462 616; x_wconf 80' lang='lat' dir='ltr'>Epopta.</span> 
     </span>
    </p>

    <p class='ocr_par' dir='ltr' id='par_1_9' title="bbox 87 616 538 654">
     <span class='ocr_line' id='line_1_45' title="bbox 87 616 538 654; baseline -0.002 -9"><span class='ocrx_word' id='word_1_530' title='bbox 87 619 295 647; x_wconf 73' lang='grc' dir='ltr'><strong>ΜγςτΛοοῡιΑ</strong></span> <span class='ocrx_word' id='word_1_531' title='bbox 307 638 314 645; x_wconf 94' lang='grc'><em>.</em></span> <span class='ocrx_word' id='word_1_532' title='bbox 339 618 412 647; x_wconf 86' lang='lat' dir='ltr'>Vide</span> <span class='ocrx_word' id='word_1_533' title='bbox 433 616 538 654; x_wconf 82' lang='lat' dir='ltr'>Miffa.</span> 
     </span>
    </p>

    <p class='ocr_par' dir='ltr' id='par_1_10' title="bbox 87 656 926 858">
     <span class='ocr_line' id='line_1_46' title="bbox 87 656 926 692; baseline -0.002 -6"><span class='ocrx_word' id='word_1_534' title='bbox 87 659 297 688; x_wconf 64' lang='lat' dir='ltr'>Mrsrncoous</span> <span class='ocrx_word' id='word_1_535' title='bbox 309 679 318 691; x_wconf 90' lang='lat'><em>,</em></span> <span class='ocrx_word' id='word_1_536' title='bbox 330 669 418 687; x_wconf 87' lang='lat' dir='ltr'>rerum</span> <span class='ocrx_word' id='word_1_537' title='bbox 429 656 562 685; x_wconf 81' lang='lat' dir='ltr'>sacrarum</span> <span class='ocrx_word' id='word_1_538' title='bbox 572 656 701 685; x_wconf 71' lang='lat' dir='ltr'>director.</span> <span class='ocrx_word' id='word_1_539' title='bbox 715 656 828 692; x_wconf 83' lang='lat' dir='ltr'>[Deum</span> <span class='ocrx_word' id='word_1_540' title='bbox 840 656 926 685; x_wconf 78' lang='lat' dir='ltr'>Abra-</span> 
     </span>
     <span class='ocr_line' id='line_1_47' title="bbox 127 695 923 738; baseline -0.001 -12"><span class='ocrx_word' id='word_1_541' title='bbox 127 698 200 732; x_wconf 83' lang='lat' dir='ltr'>ham,</span> <span class='ocrx_word' id='word_1_542' title='bbox 211 701 395 738; x_wconf 63' lang='lat' dir='ltr'>protestorem</span> <span class='ocrx_word' id='word_1_543' title='bbox 409 697 490 730; x_wconf 77' lang='lat' dir='ltr'>Isaac,</span> <span class='ocrx_word' id='word_1_544' title='bbox 499 695 620 726; x_wconf 68' lang='lat' dir='ltr'>sanctum</span> <span class='ocrx_word' id='word_1_545' title='bbox 633 696 735 730; x_wconf 85' lang='lat' dir='ltr'>Israel,</span> <span class='ocrx_word' id='word_1_546' title='bbox 745 697 848 732; x_wconf 70' lang='lat' dir='ltr'>Moyiis</span> <span class='ocrx_word' id='word_1_547' title='bbox 861 698 923 732; x_wconf 86' lang='lat' dir='ltr'>My-</span> 
     </span>
     <span class='ocr_line' id='line_1_48' title="bbox 127 738 924 779; baseline -0.004 -11"><span class='ocrx_word' id='word_1_548' title='bbox 127 740 271 779; x_wconf 77' lang='lat' dir='ltr'>ssagogum</span> <span class='ocrx_word' id='word_1_549' title='bbox 283 760 290 767; x_wconf 92' lang='lat'><strong>.</strong></span> <span class='ocrx_word' id='word_1_550' title='bbox 310 740 335 768; x_wconf 91' lang='lat' dir='ltr'>S.</span> <span class='ocrx_word' id='word_1_551' title='bbox 348 738 475 768; x_wconf 85' lang='lat' dir='ltr'>Mctliod.</span> <span class='ocrx_word' id='word_1_552' title='bbox 494 738 528 766; x_wconf 85' lang='lat' dir='ltr'>dc</span> <span class='ocrx_word' id='word_1_553' title='bbox 539 738 668 767; x_wconf 86' lang='lat' dir='ltr'>Simeone</span> <span class='ocrx_word' id='word_1_554' title='bbox 687 742 715 767; x_wconf 79' lang='grc' dir='ltr'>ὃ(</span> <span class='ocrx_word' id='word_1_555' title='bbox 727 741 812 773; x_wconf 79' lang='lat' dir='ltr'>Anna</span> <span class='ocrx_word' id='word_1_556' title='bbox 823 739 853 768; x_wconf 90' lang='lat'>.]</span> <span class='ocrx_word' id='word_1_557' title='bbox 868 739 924 767; x_wconf 83' lang='lat' dir='ltr'>FR.</span> 
     </span>
     <span class='ocr_line' id='line_1_49' title="bbox 125 777 924 821; baseline -0.001 -14"><span class='ocrx_word' id='word_1_558' title='bbox 125 780 227 808; x_wconf 86' lang='lat' dir='ltr'>dicitur</span> <span class='ocrx_word' id='word_1_559' title='bbox 240 782 316 810; x_wconf 90' lang='lat' dir='ltr'>Deus</span> <span class='ocrx_word' id='word_1_560' title='bbox 326 780 504 819; x_wconf 78' lang='lat' dir='ltr'>Mystagogus</span> <span class='ocrx_word' id='word_1_561' title='bbox 516 800 524 811; x_wconf 91' lang='lat'><em>,</em></span> <span class='ocrx_word' id='word_1_562' title='bbox 544 779 606 818; x_wconf 87' lang='lat' dir='ltr'>quia</span> <span class='ocrx_word' id='word_1_563' title='bbox 616 778 735 821; x_wconf 67' lang='lat' dir='ltr'>Moysen</span> <span class='ocrx_word' id='word_1_564' title='bbox 751 777 838 806; x_wconf 80' lang='lat' dir='ltr'>sacros</span> <span class='ocrx_word' id='word_1_565' title='bbox 857 779 924 806; x_wconf 84' lang='lat' dir='ltr'>ritus</span> 
     </span>
     <span class='ocr_line' id='line_1_50' title="bbox 126 819 924 858; baseline -0.003 -9"><span class='ocrx_word' id='word_1_566' title='bbox 126 820 254 849; x_wconf 82' lang='lat' dir='ltr'>docuerat</span> <span class='ocrx_word' id='word_1_567' title='bbox 267 833 273 849; x_wconf 86' lang='lat'>:</span> <span class='ocrx_word' id='word_1_568' title='bbox 297 821 332 849; x_wconf 76' lang='lat' dir='ltr'>sic</span> <span class='ocrx_word' id='word_1_569' title='bbox 342 821 425 849; x_wconf 87' lang='lat' dir='ltr'>ctiam</span> <span class='ocrx_word' id='word_1_570' title='bbox 435 822 460 849; x_wconf 84' lang='lat' dir='ltr'>S.</span> <span class='ocrx_word' id='word_1_571' title='bbox 474 820 640 854; x_wconf 70' lang='lat' dir='ltr'>Polyeuaftus</span> <span class='ocrx_word' id='word_1_572' title='bbox 650 821 759 854; x_wconf 82' lang='lat' dir='ltr'>Martyr</span> <span class='ocrx_word' id='word_1_573' title='bbox 771 819 879 858; x_wconf 79' lang='lat' dir='ltr'>profani</span> <span class='ocrx_word' id='word_1_574' title='bbox 888 820 924 847; x_wconf 89' lang='lat' dir='ltr'>ri-</span> 
     </span>
    </p>
   </div>
   <div class='ocr_carea' id='block_1_6' title="bbox 81 1472 1774 1839">
    <p class='ocr_par' dir='ltr' id='par_1_11' title="bbox 81 1472 1774 1839">
     <span class='ocr_line' id='line_1_51' title="bbox 981 1472 1772 1513; baseline 0.008 -14"><span class='ocrx_word' id='word_1_575' title='bbox 981 1472 1027 1500; x_wconf 89' lang='lat' dir='ltr'>di.</span> <span class='ocrx_word' id='word_1_576' title='bbox 1041 1474 1054 1503; x_wconf 92' lang='lat'><em>]</em></span> <span class='ocrx_word' id='word_1_577' title='bbox 1069 1474 1125 1501; x_wconf 85' lang='lat' dir='ltr'>FR.</span> <span class='ocrx_word' id='word_1_578' title='bbox 1139 1472 1274 1511; x_wconf 86' lang='lat' dir='ltr'>Houuph.</span> <span class='ocrx_word' id='word_1_579' title='bbox 1284 1473 1402 1501; x_wconf 80' lang='lat' dir='ltr'>Panvin.</span> <span class='ocrx_word' id='word_1_580' title='bbox 1414 1477 1441 1503; x_wconf 68' lang='grc' dir='ltr'>ὃς</span> <span class='ocrx_word' id='word_1_581' title='bbox 1454 1475 1614 1503; x_wconf 81' lang='lat' dir='ltr'>Laurentius</span> <span class='ocrx_word' id='word_1_582' title='bbox 1624 1475 1655 1503; x_wconf 92' lang='lat' dir='ltr'>in</span> <span class='ocrx_word' id='word_1_583' title='bbox 1664 1479 1721 1513; x_wconf 75' lang='lat' dir='ltr'>ejus</span> <span class='ocrx_word' id='word_1_584' title='bbox 1731 1480 1772 1506; x_wconf 76' lang='lat' dir='ltr'>A-</span> 
     </span>
     <span class='ocr_line' id='line_1_52' title="bbox 81 1504 1774 1550; baseline 0.003 -14"><span class='ocrx_word' id='word_1_585' title='bbox 81 1510 195 1538; x_wconf 71' lang='lat' dir='ltr'>Mtxum</span> <span class='ocrx_word' id='word_1_586' title='bbox 205 1531 213 1542; x_wconf 87' lang='lat'>‚</span> <span class='ocrx_word' id='word_1_587' title='bbox 222 1511 305 1548; x_wconf 60' lang='grc' dir='ltr'>μῦξηγ</span> <span class='ocrx_word' id='word_1_588' title='bbox 315 1532 323 1543; x_wconf 84' lang='grc'>,</span> <span class='ocrx_word' id='word_1_589' title='bbox 334 1511 510 1546; x_wconf 85' lang='lat' dir='ltr'>ellychnium</span> <span class='ocrx_word' id='word_1_590' title='bbox 520 1533 528 1544; x_wconf 88' lang='lat'><em>‚</em></span> <span class='ocrx_word' id='word_1_591' title='bbox 547 1522 580 1540; x_wconf 84' lang='lat' dir='ltr'>ex</span> <span class='ocrx_word' id='word_1_592' title='bbox 590 1521 680 1549; x_wconf 73' lang='lat' dir='ltr'>graeca</span> <span class='ocrx_word' id='word_1_593' title='bbox 691 1511 814 1541; x_wconf 62' lang='lat' dir='ltr'>distione</span> <span class='ocrx_word' id='word_1_594' title='bbox 824 1510 902 1550; x_wconf 71' lang='grc' dir='ltr'>μύξαι</span> <span class='ocrx_word' id='word_1_595' title='bbox 913 1535 921 1546; x_wconf 84' lang='grc'><em>,</em></span> <span class='ocrx_word' id='word_1_596' title='bbox 978 1512 1107 1542; x_wconf 72' lang='lat' dir='ltr'>nialthaea</span> <span class='ocrx_word' id='word_1_597' title='bbox 1117 1504 1227 1542; x_wconf 62' lang='lat' dir='ltr'>Nach&#39;iu</span> <span class='ocrx_word' id='word_1_598' title='bbox 1237 1513 1374 1544; x_wconf 82' lang='lat' dir='ltr'>scribuiit5</span> <span class='ocrx_word' id='word_1_599' title='bbox 1388 1519 1477 1543; x_wconf 81' lang='lat' dir='ltr'>Nacce</span> <span class='ocrx_word' id='word_1_600' title='bbox 1489 1525 1557 1544; x_wconf 90' lang='lat' dir='ltr'>vcro</span> <span class='ocrx_word' id='word_1_601' title='bbox 1566 1537 1575 1548; x_wconf 86' lang='lat'><em>‚</em></span> <span class='ocrx_word' id='word_1_602' title='bbox 1587 1518 1615 1543; x_wconf 74' lang='grc' dir='ltr'>δε</span> <span class='ocrx_word' id='word_1_603' title='bbox 1625 1519 1715 1545; x_wconf 63' lang='lat' dir='ltr'>Masta</span> <span class='ocrx_word' id='word_1_604' title='bbox 1725 1516 1774 1547; x_wconf 67' lang='lat'>112-</span> 
     </span>
     <span class='ocr_line' id='line_1_53' title="bbox 126 1552 1772 1597; baseline 0.005 -19"><span class='ocrx_word' id='word_1_605' title='bbox 126 1560 188 1587; x_wconf 79' lang='lat' dir='ltr'>quae</span> <span class='ocrx_word' id='word_1_606' title='bbox 201 1560 312 1588; x_wconf 71' lang='lat' dir='ltr'>proprie</span> <span class='ocrx_word' id='word_1_607' title='bbox 321 1560 445 1579; x_wconf 85' lang='lat' dir='ltr'>muccum</span> <span class='ocrx_word' id='word_1_608' title='bbox 454 1552 509 1580; x_wconf 78' lang='lat' dir='ltr'>nasi</span> <span class='ocrx_word' id='word_1_609' title='bbox 519 1552 635 1580; x_wconf 83' lang='lat' dir='ltr'>denotat</span> <span class='ocrx_word' id='word_1_610' title='bbox 646 1573 653 1580; x_wconf 90' lang='lat'><em>.</em></span> <span class='ocrx_word' id='word_1_611' title='bbox 664 1553 758 1581; x_wconf 84' lang='lat' dir='ltr'>Latini</span> <span class='ocrx_word' id='word_1_612' title='bbox 769 1552 881 1582; x_wconf 71' lang='lat' dir='ltr'>enimY</span> <span class='ocrx_word' id='word_1_613' title='bbox 894 1554 922 1582; x_wconf 89' lang='lat' dir='ltr'>iii</span> <span class='ocrx_word' id='word_1_614' title='bbox 977 1554 1021 1582; x_wconf 91' lang='lat' dir='ltr'>bet</span> <span class='ocrx_word' id='word_1_615' title='bbox 1032 1554 1173 1583; x_wconf 82' lang='lat' dir='ltr'>Turnebus</span> <span class='ocrx_word' id='word_1_616' title='bbox 1182 1575 1190 1587; x_wconf 92' lang='lat'><em>,</em></span> <span class='ocrx_word' id='word_1_617' title='bbox 1201 1554 1235 1583; x_wconf 90' lang='lat' dir='ltr'>de</span> <span class='ocrx_word' id='word_1_618' title='bbox 1245 1554 1340 1593; x_wconf 81' lang='lat' dir='ltr'>quibus</span> <span class='ocrx_word' id='word_1_619' title='bbox 1352 1553 1409 1583; x_wconf 86' lang='lat' dir='ltr'>fuse</span> <span class='ocrx_word' id='word_1_620' title='bbox 1419 1555 1450 1584; x_wconf 90' lang='lat' dir='ltr'>in</span> <span class='ocrx_word' id='word_1_621' title='bbox 1461 1558 1516 1593; x_wconf 85' lang='lat' dir='ltr'>ejus</span> <span class='ocrx_word' id='word_1_622' title='bbox 1526 1555 1646 1585; x_wconf 87' lang='lat' dir='ltr'>Advers.</span> <span class='ocrx_word' id='word_1_623' title='bbox 1665 1557 1711 1586; x_wconf 88' lang='lat' dir='ltr'>lib.</span> <span class='ocrx_word' id='word_1_624' title='bbox 1724 1569 1772 1597; x_wconf 83' lang='lat'>23.</span> 
     </span>
     <span class='ocr_line' id='line_1_54' title="bbox 122 1589 1216 1635; baseline 0.005 -17"><span class='ocrx_word' id='word_1_625' title='bbox 122 1589 154 1619; x_wconf 90' lang='lat' dir='ltr'>U</span> <span class='ocrx_word' id='word_1_626' title='bbox 173 1591 234 1619; x_wconf 88' lang='lat' dir='ltr'>lene</span> <span class='ocrx_word' id='word_1_627' title='bbox 251 1589 359 1629; x_wconf 84' lang='lat' dir='ltr'>semper</span> <span class='ocrx_word' id='word_1_628' title='bbox 370 1591 561 1622; x_wconf 82' lang='lat' dir='ltr'>transferentes</span> <span class='ocrx_word' id='word_1_629' title='bbox 570 1598 702 1622; x_wconf 71' lang='lat' dir='ltr'>Macrum</span> <span class='ocrx_word' id='word_1_630' title='bbox 714 1593 809 1622; x_wconf 85' lang='lat' dir='ltr'>dixere</span> <span class='ocrx_word' id='word_1_631' title='bbox 819 1615 828 1627; x_wconf 92' lang='lat'><em>‚</em></span> <span class='ocrx_word' id='word_1_632' title='bbox 850 1594 922 1623; x_wconf 88' lang='lat' dir='ltr'>unde</span> <span class='ocrx_word' id='word_1_633' title='bbox 975 1605 1034 1633; x_wconf 79' lang='lat' dir='ltr'>cap.</span> <span class='ocrx_word' id='word_1_634' title='bbox 1057 1605 1102 1633; x_wconf 81' lang='lat'>²3·</span> <span class='ocrx_word' id='word_1_635' title='bbox 1205 1623 1216 1635; x_wconf 48' lang='grc' dir='ltr'><em>Ι</em></span> 
     </span>
     <span class='ocr_line' id='line_1_55' title="bbox 128 1631 1545 1669; baseline 0.004 -9"><span class='ocrx_word' id='word_1_636' title='bbox 128 1631 256 1660; x_wconf 77' lang='lat' dir='ltr'>Catullus</span> <span class='ocrx_word' id='word_1_637' title='bbox 266 1651 274 1658; x_wconf 89' lang='lat'>.</span> <span class='ocrx_word' id='word_1_638' title='bbox 935 1637 1045 1665; x_wconf 57' lang='lat' dir='ltr'>Nffimi</span> <span class='ocrx_word' id='word_1_639' title='bbox 1056 1655 1063 1662; x_wconf 91' lang='lat'><strong>.</strong></span> <span class='ocrx_word' id='word_1_640' title='bbox 1088 1635 1164 1664; x_wconf 90' lang='lat' dir='ltr'>Vide</span> <span class='ocrx_word' id='word_1_641' title='bbox 1184 1636 1398 1669; x_wconf 77' lang='lat' dir='ltr'>Fletobotomia,</span> <span class='ocrx_word' id='word_1_642' title='bbox 1419 1637 1525 1666; x_wconf 83' lang='lat' dir='ltr'>Threni</span> <span class='ocrx_word' id='word_1_643' title='bbox 1537 1657 1545 1665; x_wconf 93' lang='lat'><strong>.</strong></span> 
     </span>
     <span class='ocr_line' id='line_1_56' title="bbox 159 1670 1323 1714; baseline 0.004 -15"><span class='ocrx_word' id='word_1_644' title='bbox 159 1670 327 1710; x_wconf 77' lang='lat' dir='ltr'>Muccusque</span> <span class='ocrx_word' id='word_1_645' title='bbox 348 1675 376 1701; x_wconf 75' lang='grc' dir='ltr'>ὅ(</span> <span class='ocrx_word' id='word_1_646' title='bbox 388 1673 457 1701; x_wconf 51' lang='lat' dir='ltr'>maia</span> <span class='ocrx_word' id='word_1_647' title='bbox 479 1672 579 1711; x_wconf 80' lang='lat' dir='ltr'>pituita</span> <span class='ocrx_word' id='word_1_648' title='bbox 601 1674 655 1703; x_wconf 78' lang='lat' dir='ltr'>nasi</span> <span class='ocrx_word' id='word_1_649' title='bbox 666 1694 674 1702; x_wconf 86' lang='lat'><strong>.</strong></span> <span class='ocrx_word' id='word_1_650' title='bbox 934 1677 1056 1705; x_wconf 54' lang='lat' dir='ltr'>Nixi-rus</span> <span class='ocrx_word' id='word_1_651' title='bbox 1069 1697 1076 1704; x_wconf 90' lang='lat'><strong><em>.</em></strong></span> <span class='ocrx_word' id='word_1_652' title='bbox 1100 1677 1174 1705; x_wconf 89' lang='lat' dir='ltr'>Vide</span> <span class='ocrx_word' id='word_1_653' title='bbox 1196 1678 1323 1714; x_wconf 72' lang='lat' dir='ltr'>Mmsus.</span> 
     </span>
     <span class='ocr_line' id='line_1_57' title="bbox 120 1713 1774 1755; baseline 0.006 -15"><span class='ocrx_word' id='word_1_654' title='bbox 120 1714 155 1740; x_wconf 85' lang='lat' dir='ltr'>Et</span> <span class='ocrx_word' id='word_1_655' title='bbox 167 1713 331 1741; x_wconf 83' lang='lat' dir='ltr'>translative</span> <span class='ocrx_word' id='word_1_656' title='bbox 342 1714 375 1742; x_wconf 83' lang='lat' dir='ltr'>ad</span> <span class='ocrx_word' id='word_1_657' title='bbox 387 1713 559 1749; x_wconf 82' lang='lat' dir='ltr'>ellychnium</span> <span class='ocrx_word' id='word_1_658' title='bbox 570 1735 578 1747; x_wconf 91' lang='lat'><em>,</em></span> <span class='ocrx_word' id='word_1_659' title='bbox 600 1725 632 1742; x_wconf 88' lang='lat' dir='ltr'>ex</span> <span class='ocrx_word' id='word_1_660' title='bbox 646 1725 679 1743; x_wconf 90' lang='lat' dir='ltr'>eo</span> <span class='ocrx_word' id='word_1_661' title='bbox 688 1715 762 1753; x_wconf 91' lang='lat' dir='ltr'>quod</span> <span class='ocrx_word' id='word_1_662' title='bbox 771 1715 856 1744; x_wconf 75' lang='lat' dir='ltr'>trahit</span> <span class='ocrx_word' id='word_1_663' title='bbox 868 1715 919 1745; x_wconf 89' lang='lat' dir='ltr'>hu·</span> <span class='ocrx_word' id='word_1_664' title='bbox 934 1718 1082 1745; x_wconf 69' lang='lat' dir='ltr'>NAeeimA</span> <span class='ocrx_word' id='word_1_665' title='bbox 1094 1738 1102 1750; x_wconf 90' lang='lat'><em>‚</em></span> <span class='ocrx_word' id='word_1_666' title='bbox 1114 1717 1157 1745; x_wconf 88' lang='lat' dir='ltr'>fex</span> <span class='ocrx_word' id='word_1_667' title='bbox 1169 1716 1301 1755; x_wconf 84' lang='lat' dir='ltr'>cespitum</span> <span class='ocrx_word' id='word_1_668' title='bbox 1312 1739 1320 1751; x_wconf 92' lang='lat'><em>‚</em></span> <span class='ocrx_word' id='word_1_669' title='bbox 1330 1721 1357 1746; x_wconf 79' lang='grc' dir='ltr'>ὃ(</span> <span class='ocrx_word' id='word_1_670' title='bbox 1368 1718 1466 1746; x_wconf 81' lang='lat' dir='ltr'>similia</span> <span class='ocrx_word' id='word_1_671' title='bbox 1475 1719 1506 1747; x_wconf 79' lang='lat' dir='ltr'>ab</span> <span class='ocrx_word' id='word_1_672' title='bbox 1517 1718 1599 1748; x_wconf 78' lang='lat' dir='ltr'>undis</span> <span class='ocrx_word' id='word_1_673' title='bbox 1609 1719 1725 1750; x_wconf 81' lang='lat' dir='ltr'>marinis</span> <span class='ocrx_word' id='word_1_674' title='bbox 1740 1721 1774 1752; x_wconf 78' lang='lat' dir='ltr'>in</span> 
     </span>
     <span class='ocr_line' id='line_1_58' title="bbox 120 1753 1770 1801; baseline 0.007 -21"><span class='ocrx_word' id='word_1_675' title='bbox 120 1761 228 1781; x_wconf 85' lang='lat' dir='ltr'>morem</span> <span class='ocrx_word' id='word_1_676' title='bbox 247 1763 279 1781; x_wconf 83' lang='lat' dir='ltr'>ex</span> <span class='ocrx_word' id='word_1_677' title='bbox 299 1755 410 1782; x_wconf 81' lang='lat' dir='ltr'>lucerna</span> <span class='ocrx_word' id='word_1_678' title='bbox 421 1775 430 1786; x_wconf 90' lang='lat'><em>,</em></span> <span class='ocrx_word' id='word_1_679' title='bbox 449 1753 523 1792; x_wconf 88' lang='lat' dir='ltr'>quod</span> <span class='ocrx_word' id='word_1_680' title='bbox 542 1755 607 1783; x_wconf 76' lang='lat' dir='ltr'>Itali</span> <span class='ocrx_word' id='word_1_681' title='bbox 626 1765 659 1783; x_wconf 84' lang='lat' dir='ltr'>ex</span> <span class='ocrx_word' id='word_1_682' title='bbox 678 1766 772 1794; x_wconf 80' lang='lat' dir='ltr'>graeco</span> <span class='ocrx_word' id='word_1_683' title='bbox 790 1767 918 1796; x_wconf 87' lang='lat' dir='ltr'>corrupte</span> <span class='ocrx_word' id='word_1_684' title='bbox 973 1759 1071 1786; x_wconf 86' lang='lat' dir='ltr'>littore</span> <span class='ocrx_word' id='word_1_685' title='bbox 1080 1759 1210 1796; x_wconf 63' lang='lat' dir='ltr'>projecta.</span> <span class='ocrx_word' id='word_1_686' title='bbox 1222 1759 1258 1786; x_wconf 92' lang='lat' dir='ltr'>In</span> <span class='ocrx_word' id='word_1_687' title='bbox 1270 1759 1314 1787; x_wconf 91' lang='lat' dir='ltr'>lib.</span> <span class='ocrx_word' id='word_1_688' title='bbox 1325 1759 1359 1786; x_wconf 90' lang='lat' dir='ltr'>de</span> <span class='ocrx_word' id='word_1_689' title='bbox 1369 1759 1485 1787; x_wconf 82' lang='lat' dir='ltr'>mirabil.</span> <span class='ocrx_word' id='word_1_690' title='bbox 1497 1761 1700 1799; x_wconf 59' lang='lat' dir='ltr'>stc-Scripturae</span> <span class='ocrx_word' id='word_1_691' title='bbox 1709 1772 1770 1801; x_wconf 85' lang='lat' dir='ltr'>cap.</span> 
     </span>
     <span class='ocr_line' id='line_1_59' title="bbox 122 1795 1769 1839; baseline 0.007 -19"><span class='ocrx_word' id='word_1_692' title='bbox 122 1803 220 1821; x_wconf 61' lang='lat' dir='ltr'>muccla</span> <span class='ocrx_word' id='word_1_693' title='bbox 228 1795 416 1831; x_wconf 75' lang='lat' dir='ltr'>appellarunt:</span> <span class='ocrx_word' id='word_1_694' title='bbox 433 1797 576 1830; x_wconf 88' lang='lat' dir='ltr'>[Myxum</span> <span class='ocrx_word' id='word_1_695' title='bbox 586 1805 619 1823; x_wconf 88' lang='lat' dir='ltr'>ex</span> <span class='ocrx_word' id='word_1_696' title='bbox 633 1795 724 1834; x_wconf 68' lang='lat' dir='ltr'>stuppa</span> <span class='ocrx_word' id='word_1_697' title='bbox 735 1798 847 1826; x_wconf 81' lang='lat' dir='ltr'>amianti</span> <span class='ocrx_word' id='word_1_698' title='bbox 860 1819 867 1825; x_wconf 96' lang='lat'>.</span> <span class='ocrx_word' id='word_1_699' title='bbox 880 1802 919 1828; x_wconf 80' lang='lat' dir='ltr'>A·</span> <span class='ocrx_word' id='word_1_700' title='bbox 976 1809 1022 1833; x_wconf 85' lang='lat'>24.</span> <span class='ocrx_word' id='word_1_701' title='bbox 1033 1800 1079 1837; x_wconf 87' lang='lat' dir='ltr'>qui</span> <span class='ocrx_word' id='word_1_702' title='bbox 1093 1799 1168 1828; x_wconf 89' lang='lat' dir='ltr'>inter</span> <span class='ocrx_word' id='word_1_703' title='bbox 1179 1809 1261 1837; x_wconf 78' lang='lat' dir='ltr'>opera</span> <span class='ocrx_word' id='word_1_704' title='bbox 1277 1800 1315 1827; x_wconf 91' lang='lat' dir='ltr'>D.</span> <span class='ocrx_word' id='word_1_705' title='bbox 1327 1803 1400 1839; x_wconf 80' lang='lat' dir='ltr'>Aug.</span> <span class='ocrx_word' id='word_1_706' title='bbox 1415 1810 1484 1828; x_wconf 88' lang='lat' dir='ltr'>tom.</span> <span class='ocrx_word' id='word_1_707' title='bbox 1495 1811 1521 1838; x_wconf 85' lang='lat'>3.</span> <span class='ocrx_word' id='word_1_708' title='bbox 1542 1801 1672 1830; x_wconf 85' lang='lat' dir='ltr'>inseritur</span> <span class='ocrx_word' id='word_1_709' title='bbox 1681 1823 1688 1830; x_wconf 93' lang='lat'>.</span> <span class='ocrx_word' id='word_1_710' title='bbox 1708 1804 1769 1832; x_wconf 84' lang='lat' dir='ltr'>Alii</span> 
     </span>
    </p>
   </div>
   <div class='ocr_carea' id='block_1_7' title="bbox 81 1831 917 1996">
    <p class='ocr_par' dir='ltr' id='par_1_12' title="bbox 121 1831 917 1874">
     <span class='ocr_line' id='line_1_60' title="bbox 121 1831 917 1874; baseline 0.011 -15"><span class='ocrx_word' id='word_1_711' title='bbox 121 1831 327 1862; x_wconf 60' lang='lat' dir='ltr'>mihssibii‘oxii.</span> <span class='ocrx_word' id='word_1_712' title='bbox 338 1837 489 1864; x_wconf 79' lang='lat' dir='ltr'>Lucernam</span> <span class='ocrx_word' id='word_1_713' title='bbox 499 1846 532 1863; x_wconf 90' lang='lat' dir='ltr'>ex</span> <span class='ocrx_word' id='word_1_714' title='bbox 542 1845 608 1864; x_wconf 79' lang='lat' dir='ltr'>auro</span> <span class='ocrx_word' id='word_1_715' title='bbox 619 1836 759 1874; x_wconf 79' lang='lat' dir='ltr'>puriilimo</span> <span class='ocrx_word' id='word_1_716' title='bbox 769 1848 917 1873; x_wconf 84' lang='lat' dir='ltr'>myxorum</span> 
     </span>
    </p>

    <p class='ocr_par' dir='ltr' id='par_1_13' title="bbox 122 1873 917 1915">
     <span class='ocr_line' id='line_1_61' title="bbox 122 1873 917 1915; baseline 0.011 -15"><span class='ocrx_word' id='word_1_717' title='bbox 122 1873 286 1902; x_wconf 86' lang='lat' dir='ltr'>duodecim.</span> <span class='ocrx_word' id='word_1_718' title='bbox 308 1875 385 1904; x_wconf 88' lang='lat' dir='ltr'>Idem</span> <span class='ocrx_word' id='word_1_719' title='bbox 398 1878 427 1907; x_wconf 93' lang='lat'>.]</span> <span class='ocrx_word' id='word_1_720' title='bbox 448 1878 482 1904; x_wconf 85' lang='lat' dir='ltr'>In</span> <span class='ocrx_word' id='word_1_721' title='bbox 501 1877 635 1915; x_wconf 83' lang='lat' dir='ltr'>aliqiubus</span> <span class='ocrx_word' id='word_1_722' title='bbox 655 1887 748 1906; x_wconf 81' lang='lat' dir='ltr'>tamen</span> <span class='ocrx_word' id='word_1_723' title='bbox 766 1880 917 1909; x_wconf 84' lang='lat' dir='ltr'>Codicibus</span> 
     </span>
    </p>

    <p class='ocr_par' dir='ltr' id='par_1_14' title="bbox 81 1915 774 1996">
     <span class='ocr_line' id='line_1_62' title="bbox 128 1915 774 1958; baseline 0.011 -17"><span class='ocrx_word' id='word_1_724' title='bbox 128 1917 238 1942; x_wconf 70' lang='lat' dir='ltr'>mixum</span> <span class='ocrx_word' id='word_1_725' title='bbox 252 1915 382 1944; x_wconf 87' lang='lat' dir='ltr'>mendose</span> <span class='ocrx_word' id='word_1_726' title='bbox 394 1917 495 1955; x_wconf 86' lang='lat' dir='ltr'>legitur</span> <span class='ocrx_word' id='word_1_727' title='bbox 505 1937 512 1944; x_wconf 83' lang='lat'><strong>.</strong></span> <span class='ocrx_word' id='word_1_728' title='bbox 525 1917 596 1946; x_wconf 89' lang='lat' dir='ltr'>Vide</span> <span class='ocrx_word' id='word_1_729' title='bbox 607 1921 757 1958; x_wconf 77' lang='lat' dir='ltr'>Bimyxion</span> <span class='ocrx_word' id='word_1_730' title='bbox 765 1940 774 1948; x_wconf 90' lang='lat'><strong><em>.</em></strong></span> 
     </span>
     <span class='ocr_line' id='line_1_63' title="bbox 81 1954 522 1996; baseline 0.009 -14"><span class='ocrx_word' id='word_1_731' title='bbox 81 1954 230 1983; x_wconf 71' lang='lat' dir='ltr'>Mrzimm</span> <span class='ocrx_word' id='word_1_732' title='bbox 243 1975 251 1983; x_wconf 89' lang='lat'><strong><em>.</em></strong></span> <span class='ocrx_word' id='word_1_733' title='bbox 275 1956 349 1986; x_wconf 88' lang='lat' dir='ltr'>Vide</span> <span class='ocrx_word' id='word_1_734' title='bbox 369 1957 522 1996; x_wconf 70' lang='lat' dir='ltr'>Imifilum.</span> 
     </span>
    </p>
   </div>
   <div class='ocr_carea' id='block_1_8' title="bbox 298 2050 436 2059">
    <p class='ocr_par' dir='ltr' id='par_1_15' title="bbox 298 2050 436 2059">
     <span class='ocr_line' id='line_1_64' title="bbox 298 2050 436 2059; baseline 0 0"><span class='ocrx_word' id='word_1_735' title='bbox 298 2050 436 2059; x_wconf 95' lang='lat' dir='ltr'> </span> 
     </span>
    </p>
   </div>
   <div class='ocr_carea' id='block_1_9' title="bbox 973 1840 1771 1910">
    <p class='ocr_par' dir='ltr' id='par_1_16' title="bbox 973 1840 1771 1910">
     <span class='ocr_line' id='line_1_65' title="bbox 973 1840 1771 1883; baseline 0.006 -16"><span class='ocrx_word' id='word_1_736' title='bbox 973 1841 1092 1867; x_wconf 82' lang='lat' dir='ltr'>Gerbam</span> <span class='ocrx_word' id='word_1_737' title='bbox 1102 1840 1199 1879; x_wconf 86' lang='lat' dir='ltr'>legunt</span> <span class='ocrx_word' id='word_1_738' title='bbox 1209 1861 1218 1872; x_wconf 93' lang='lat'><em>‚</em></span> <span class='ocrx_word' id='word_1_739' title='bbox 1241 1849 1301 1878; x_wconf 73' lang='lat' dir='ltr'>quat</span> <span class='ocrx_word' id='word_1_740' title='bbox 1314 1840 1383 1868; x_wconf 88' lang='lat' dir='ltr'>mihi</span> <span class='ocrx_word' id='word_1_741' title='bbox 1399 1841 1508 1869; x_wconf 79' lang='lat' dir='ltr'>videtur</span> <span class='ocrx_word' id='word_1_742' title='bbox 1517 1841 1568 1871; x_wconf 78' lang='lat' dir='ltr'>css&#39;e</span> <span class='ocrx_word' id='word_1_743' title='bbox 1579 1843 1696 1881; x_wconf 79' lang='lat' dir='ltr'>aequoris</span> <span class='ocrx_word' id='word_1_744' title='bbox 1704 1854 1771 1883; x_wconf 78' lang='lat' dir='ltr'>aqua</span> 
     </span>
     <span class='ocr_line' id='line_1_66' title="bbox 975 1880 1482 1910; baseline 0 -2"><span class='ocrx_word' id='word_1_745' title='bbox 975 1880 1102 1908; x_wconf 79' lang='lat' dir='ltr'>indurata</span> <span class='ocrx_word' id='word_1_746' title='bbox 1113 1882 1141 1908; x_wconf 87' lang='lat' dir='ltr'>in</span> <span class='ocrx_word' id='word_1_747' title='bbox 1153 1881 1249 1909; x_wconf 86' lang='lat' dir='ltr'>littore</span> <span class='ocrx_word' id='word_1_748' title='bbox 1259 1901 1267 1907; x_wconf 89' lang='lat'><em>.</em></span> <span class='ocrx_word' id='word_1_749' title='bbox 1292 1882 1364 1910; x_wconf 92' lang='lat' dir='ltr'>Vide</span> <span class='ocrx_word' id='word_1_750' title='bbox 1376 1883 1464 1910; x_wconf 78' lang='lat' dir='ltr'>Gerba</span> <span class='ocrx_word' id='word_1_751' title='bbox 1474 1901 1482 1908; x_wconf 86' lang='lat'><strong>.</strong></span> 
     </span>
    </p>
   </div>
   <div class='ocr_carea' id='block_1_10' title="bbox 933 1921 1768 1964">
    <p class='ocr_par' dir='ltr' id='par_1_17' title="bbox 933 1921 1768 1964">
     <span class='ocr_line' id='line_1_67' title="bbox 933 1921 1768 1964; baseline 0.006 -15"><span class='ocrx_word' id='word_1_752' title='bbox 933 1922 1024 1950; x_wconf 54' lang='lat' dir='ltr'>Nam</span> <span class='ocrx_word' id='word_1_753' title='bbox 1036 1942 1044 1953; x_wconf 88' lang='lat'><em>‚</em></span> <span class='ocrx_word' id='word_1_754' title='bbox 1056 1922 1132 1957; x_wconf 74' lang='grc' dir='ltr'><em>νΞίμα</em></span> <span class='ocrx_word' id='word_1_755' title='bbox 1141 1942 1149 1954; x_wconf 92' lang='grc'>,</span> <span class='ocrx_word' id='word_1_756' title='bbox 1160 1921 1234 1950; x_wconf 79' lang='lat' dir='ltr'>latex</span> <span class='ocrx_word' id='word_1_757' title='bbox 1245 1943 1252 1953; x_wconf 90' lang='lat'><em>,</em></span> <span class='ocrx_word' id='word_1_758' title='bbox 1264 1922 1336 1949; x_wconf 77' lang='lat' dir='ltr'>unda</span> <span class='ocrx_word' id='word_1_759' title='bbox 1345 1944 1353 1954; x_wconf 88' lang='lat'><em>‚</em></span> <span class='ocrx_word' id='word_1_760' title='bbox 1364 1933 1408 1950; x_wconf 84' lang='lat' dir='ltr'>:uit</span> <span class='ocrx_word' id='word_1_761' title='bbox 1419 1932 1494 1951; x_wconf 88' lang='lat' dir='ltr'>rivus</span> <span class='ocrx_word' id='word_1_762' title='bbox 1505 1922 1650 1952; x_wconf 74' lang='lat' dir='ltr'>decurrens</span> <span class='ocrx_word' id='word_1_763' title='bbox 1659 1946 1668 1958; x_wconf 92' lang='lat'>‚</span> <span class='ocrx_word' id='word_1_764' title='bbox 1678 1925 1712 1954; x_wconf 76' lang='lat' dir='ltr'>{ic</span> <span class='ocrx_word' id='word_1_765' title='bbox 1721 1935 1768 1964; x_wconf 83' lang='lat' dir='ltr'>ap-</span> 
     </span>
    </p>
   </div>
   <div class='ocr_carea' id='block_1_11' title="bbox 973 1962 1770 2126">
    <p class='ocr_par' dir='ltr' id='par_1_18' title="bbox 973 1962 1770 2032">
     <span class='ocr_line' id='line_1_68' title="bbox 974 1962 1770 2004; baseline 0.008 -15"><span class='ocrx_word' id='word_1_766' title='bbox 974 1962 1089 2000; x_wconf 83' lang='lat' dir='ltr'>pellavit</span> <span class='ocrx_word' id='word_1_767' title='bbox 1099 1962 1191 1990; x_wconf 91' lang='lat' dir='ltr'>oleum</span> <span class='ocrx_word' id='word_1_768' title='bbox 1203 1962 1368 1991; x_wconf 83' lang='lat' dir='ltr'>Prudentius</span> <span class='ocrx_word' id='word_1_769' title='bbox 1378 1964 1408 1992; x_wconf 88' lang='lat' dir='ltr'>in</span> <span class='ocrx_word' id='word_1_770' title='bbox 1420 1963 1498 1998; x_wconf 89' lang='lat' dir='ltr'>hym.</span> <span class='ocrx_word' id='word_1_771' title='bbox 1509 1964 1543 1992; x_wconf 86' lang='lat' dir='ltr'>ad</span> <span class='ocrx_word' id='word_1_772' title='bbox 1551 1975 1643 1994; x_wconf 84' lang='lat' dir='ltr'>incen.</span> <span class='ocrx_word' id='word_1_773' title='bbox 1652 1966 1727 2004; x_wconf 85' lang='lat' dir='ltr'>quod</span> <span class='ocrx_word' id='word_1_774' title='bbox 1738 1967 1770 1995; x_wconf 89' lang='lat' dir='ltr'>in</span> 
     </span>
     <span class='ocr_line' id='line_1_69' title="bbox 973 2003 1414 2032; baseline -0.002 -1"><span class='ocrx_word' id='word_1_775' title='bbox 973 2003 1121 2031; x_wconf 83' lang='lat' dir='ltr'>luminibus</span> <span class='ocrx_word' id='word_1_776' title='bbox 1132 2003 1308 2031; x_wconf 78' lang='lat' dir='ltr'>Eccleliarum</span> <span class='ocrx_word' id='word_1_777' title='bbox 1319 2004 1396 2032; x_wconf 77' lang='lat' dir='ltr'>ardet</span> <span class='ocrx_word' id='word_1_778' title='bbox 1407 2024 1414 2030; x_wconf 92' lang='lat'>.</span> 
     </span>
    </p>

    <p class='ocr_par' dir='ltr' id='par_1_19' title="bbox 974 2044 1768 2126">
     <span class='ocr_line' id='line_1_70' title="bbox 1013 2044 1564 2082; baseline 0.005 -11"><span class='ocrx_word' id='word_1_779' title='bbox 1013 2046 1048 2071; x_wconf 90' lang='lat' dir='ltr'>Et</span> <span class='ocrx_word' id='word_1_780' title='bbox 1070 2044 1104 2072; x_wconf 89' lang='lat' dir='ltr'>de</span> <span class='ocrx_word' id='word_1_781' title='bbox 1127 2044 1296 2082; x_wconf 81' lang='lat' dir='ltr'>piiiguidulis</span> <span class='ocrx_word' id='word_1_782' title='bbox 1318 2044 1374 2073; x_wconf 86' lang='lat' dir='ltr'>fota</span> <span class='ocrx_word' id='word_1_783' title='bbox 1395 2046 1564 2074; x_wconf 84' lang='lat' dir='ltr'>namatibus.</span> 
     </span>
     <span class='ocr_line' id='line_1_71' title="bbox 974 2085 1768 2126; baseline 0.008 -13"><span class='ocrx_word' id='word_1_784' title='bbox 974 2086 1010 2113; x_wconf 90' lang='lat' dir='ltr'>In</span> <span class='ocrx_word' id='word_1_785' title='bbox 1030 2085 1181 2114; x_wconf 81' lang='lat' dir='ltr'>Codicibus</span> <span class='ocrx_word' id='word_1_786' title='bbox 1204 2095 1271 2113; x_wconf 88' lang='lat' dir='ltr'>vero</span> <span class='ocrx_word' id='word_1_787' title='bbox 1292 2087 1429 2116; x_wconf 76' lang='lat' dir='ltr'>mcndoiis</span> <span class='ocrx_word' id='word_1_788' title='bbox 1449 2097 1591 2126; x_wconf 77' lang='lat' dir='ltr'>perperam</span> <span class='ocrx_word' id='word_1_789' title='bbox 1611 2090 1768 2119; x_wconf 73' lang='lat' dir='ltr'>Natatibus</span> 
     </span>
    </p>
   </div>
   <div class='ocr_carea' id='block_1_12' title="bbox 113 2127 1769 2408">
    <p class='ocr_par' dir='ltr' id='par_1_20' title="bbox 100 2127 1769 2408">
     <span class='ocr_line' id='line_1_72' title="bbox 972 2127 1090 2166; baseline -0.017 -11"><span class='ocrx_word' id='word_1_790' title='bbox 972 2127 1074 2166; x_wconf 88' lang='lat' dir='ltr'>legitur</span> <span class='ocrx_word' id='word_1_791' title='bbox 1082 2147 1090 2153; x_wconf 93' lang='lat'>.</span> 
     </span>
     <span class='ocr_line' id='line_1_73' title="bbox 934 2167 1312 2197; baseline 0.003 -1"><span class='ocrx_word' id='word_1_792' title='bbox 934 2168 1064 2196; x_wconf 54' lang='lat' dir='ltr'>Nimiae</span> <span class='ocrx_word' id='word_1_793' title='bbox 1075 2188 1082 2195; x_wconf 89' lang='lat'><em>.</em></span> <span class='ocrx_word' id='word_1_794' title='bbox 1106 2167 1181 2196; x_wconf 87' lang='lat' dir='ltr'>Vide</span> <span class='ocrx_word' id='word_1_795' title='bbox 1202 2168 1312 2197; x_wconf 85' lang='lat' dir='ltr'>Nabal.</span> 
     </span>
     <span class='ocr_line' id='line_1_74' title="bbox 176 2201 1744 2249; baseline 0.008 -22"><span class='ocrx_word' id='word_1_796' title='bbox 176 2215 184 2223; x_wconf 92' lang='lat'><em>·</em></span> <span class='ocrx_word' id='word_1_797' title='bbox 208 2209 239 2238; x_wconf 68' lang='lat' dir='ltr'>j&#39;</span> <span class='ocrx_word' id='word_1_798' title='bbox 252 2222 260 2228; x_wconf 91' lang='lat'>.</span> <span class='ocrx_word' id='word_1_799' title='bbox 271 2201 302 2229; x_wconf 77' lang='grc' dir='ltr'>Ι.</span> <span class='ocrx_word' id='word_1_800' title='bbox 321 2201 387 2240; x_wconf 88' lang='lat' dir='ltr'>quid</span> <span class='ocrx_word' id='word_1_801' title='bbox 397 2201 559 2241; x_wconf 70' lang='lat' dir='ltr'>significabat</span> <span class='ocrx_word' id='word_1_802' title='bbox 579 2204 651 2243; x_wconf 72' lang='lat' dir='ltr'>apud</span> <span class='ocrx_word' id='word_1_803' title='bbox 662 2205 804 2244; x_wconf 82' lang='lat' dir='ltr'>Antiquos</span> <span class='ocrx_word' id='word_1_804' title='bbox 815 2227 822 2235; x_wconf 94' lang='lat'>.</span> <span class='ocrx_word' id='word_1_805' title='bbox 844 2207 918 2236; x_wconf 89' lang='lat' dir='ltr'>Vide</span> <span class='ocrx_word' id='word_1_806' title='bbox 934 2209 1057 2237; x_wconf 63' lang='lat' dir='ltr'>NAPiNA</span> <span class='ocrx_word' id='word_1_807' title='bbox 1070 2230 1076 2240; x_wconf 93' lang='lat'><em>,</em></span> <span class='ocrx_word' id='word_1_808' title='bbox 1091 2218 1162 2236; x_wconf 81' lang='lat' dir='ltr'>teri-a</span> <span class='ocrx_word' id='word_1_809' title='bbox 1173 2209 1202 2237; x_wconf 89' lang='lat' dir='ltr'>in</span> <span class='ocrx_word' id='word_1_810' title='bbox 1211 2219 1262 2247; x_wconf 82' lang='lat' dir='ltr'>qua</span> <span class='ocrx_word' id='word_1_811' title='bbox 1272 2220 1355 2249; x_wconf 83' lang='lat' dir='ltr'>napus</span> <span class='ocrx_word' id='word_1_812' title='bbox 1365 2210 1501 2245; x_wconf 76' lang='lat' dir='ltr'>nascitur,</span> <span class='ocrx_word' id='word_1_813' title='bbox 1514 2212 1559 2241; x_wconf 84' lang='lat' dir='ltr'>lex</span> <span class='ocrx_word' id='word_1_814' title='bbox 1569 2210 1649 2240; x_wconf 82' lang='lat' dir='ltr'>salica</span> <span class='ocrx_word' id='word_1_815' title='bbox 1661 2211 1706 2240; x_wconf 88' lang='lat' dir='ltr'>tit.</span> <span class='ocrx_word' id='word_1_816' title='bbox 1717 2223 1744 2240; x_wconf 86' lang='lat'>2.</span> 
     </span>
     <span class='ocr_line' id='line_1_75' title="bbox 135 2229 1766 2289; baseline 0.007 -20.748"><span class='ocrx_word' id='word_1_817' title='bbox 135 2274 138 2277; x_wconf 16' lang='grc' dir='ltr'>μ</span> <span class='ocrx_word' id='word_1_818' title='bbox 152 2257 192 2276; x_wconf 55' lang='lat'>*³51⁴</span> <span class='ocrx_word' id='word_1_819' title='bbox 237 2229 242 2278; x_wconf 69' lang='lat' dir='ltr'>l</span> <span class='ocrx_word' id='word_1_820' title='bbox 265 2245 403 2272; x_wconf 74' lang='lat' dir='ltr'>Pandec‘i‘ae</span> <span class='ocrx_word' id='word_1_821' title='bbox 416 2264 423 2271; x_wconf 91' lang='lat'>.</span> <span class='ocrx_word' id='word_1_822' title='bbox 935 2250 1038 2278; x_wconf 57' lang='lat' dir='ltr'>Nauio</span> <span class='ocrx_word' id='word_1_823' title='bbox 1050 2269 1058 2275; x_wconf 85' lang='lat'>.</span> <span class='ocrx_word' id='word_1_824' title='bbox 1070 2250 1125 2277; x_wconf 66' lang='lat' dir='ltr'>PR.</span> <span class='ocrx_word' id='word_1_825' title='bbox 1137 2251 1183 2288; x_wconf 90' lang='lat' dir='ltr'>qui</span> <span class='ocrx_word' id='word_1_826' title='bbox 1194 2260 1267 2278; x_wconf 80' lang='lat' dir='ltr'>nares</span> <span class='ocrx_word' id='word_1_827' title='bbox 1277 2250 1357 2281; x_wconf 76' lang='lat' dir='ltr'>habet</span> <span class='ocrx_word' id='word_1_828' title='bbox 1367 2251 1430 2281; x_wconf 85' lang='lat' dir='ltr'>latas</span> <span class='ocrx_word' id='word_1_829' title='bbox 1441 2274 1449 2285; x_wconf 95' lang='lat'><em>,</em></span> <span class='ocrx_word' id='word_1_830' title='bbox 1464 2260 1476 2289; x_wconf 94' lang='lat'>[</span> <span class='ocrx_word' id='word_1_831' title='bbox 1487 2254 1575 2283; x_wconf 80' lang='lat' dir='ltr'>Natio</span> <span class='ocrx_word' id='word_1_832' title='bbox 1585 2252 1748 2281; x_wconf 75' lang='lat' dir='ltr'>subsannans</span> <span class='ocrx_word' id='word_1_833' title='bbox 1757 2273 1766 2280; x_wconf 88' lang='lat'>.</span> 
     </span>
     <span class='ocr_line' id='line_1_76' title="bbox 135 2280 1767 2350; baseline 0.007 -40"><span class='ocrx_word' id='word_1_834' title='bbox 135 2282 165 2310; x_wconf 56' lang='lat'>{²0</span> <span class='ocrx_word' id='word_1_835' title='bbox 190 2296 192 2298; x_wconf 61' lang='grc'>’</span> <span class='ocrx_word' id='word_1_836' title='bbox 218 2280 244 2350; x_wconf 68' lang='grc' dir='ltr'>ι</span> <span class='ocrx_word' id='word_1_837' title='bbox 256 2284 344 2312; x_wconf 73' lang='grc' dir='ltr'><strong>ΝΑΑς</strong></span> <span class='ocrx_word' id='word_1_838' title='bbox 353 2305 360 2312; x_wconf 91' lang='grc'><strong>.</strong></span> <span class='ocrx_word' id='word_1_839' title='bbox 381 2286 438 2314; x_wconf 77' lang='lat' dir='ltr'>FR.</span> <span class='ocrx_word' id='word_1_840' title='bbox 449 2294 551 2314; x_wconf 88' lang='lat' dir='ltr'>nomen</span> <span class='ocrx_word' id='word_1_841' title='bbox 563 2285 706 2324; x_wconf 86' lang='lat' dir='ltr'>proprium</span> <span class='ocrx_word' id='word_1_842' title='bbox 726 2287 780 2316; x_wconf 81' lang='lat' dir='ltr'>viti</span> <span class='ocrx_word' id='word_1_843' title='bbox 791 2309 798 2320; x_wconf 90' lang='lat'><em>,</em></span> <span class='ocrx_word' id='word_1_844' title='bbox 819 2292 846 2317; x_wconf 81' lang='grc' dir='ltr'>δι</span> <span class='ocrx_word' id='word_1_845' title='bbox 858 2289 917 2318; x_wconf 91' lang='lat' dir='ltr'>Ur·</span> <span class='ocrx_word' id='word_1_846' title='bbox 975 2290 1094 2318; x_wconf 79' lang='lat' dir='ltr'>Ilidorus</span> <span class='ocrx_word' id='word_1_847' title='bbox 1115 2299 1144 2318; x_wconf 85' lang='lat' dir='ltr'>in</span> <span class='ocrx_word' id='word_1_848' title='bbox 1165 2293 1220 2326; x_wconf 84' lang='lat' dir='ltr'>ejus</span> <span class='ocrx_word' id='word_1_849' title='bbox 1230 2291 1322 2321; x_wconf 77' lang='lat' dir='ltr'>Gloilii</span> <span class='ocrx_word' id='word_1_850' title='bbox 1335 2294 1346 2324; x_wconf 93' lang='lat'>]</span> <span class='ocrx_word' id='word_1_851' title='bbox 1368 2295 1509 2323; x_wconf 90' lang='lat' dir='ltr'>Nonnulli</span> <span class='ocrx_word' id='word_1_852' title='bbox 1519 2296 1707 2333; x_wconf 74' lang='lat' dir='ltr'>subsannator</span> <span class='ocrx_word' id='word_1_853' title='bbox 1725 2295 1767 2322; x_wconf 89' lang='lat' dir='ltr'>le—</span> 
     </span>
     <span class='ocr_line' id='line_1_77' title="bbox 113 2323 1769 2375; baseline 0.009 -25"><span class='ocrx_word' id='word_1_854' title='bbox 113 2336 121 2344; x_wconf 62' lang='grc' dir='ltr'><em>υ</em></span> <span class='ocrx_word' id='word_1_855' title='bbox 268 2323 348 2358; x_wconf 79' lang='lat' dir='ltr'>bis‚in</span> <span class='ocrx_word' id='word_1_856' title='bbox 358 2326 513 2364; x_wconf 75' lang='lat' dir='ltr'>Sat-Script.</span> <span class='ocrx_word' id='word_1_857' title='bbox 522 2325 677 2365; x_wconf 88' lang='lat' dir='ltr'>serpentem</span> <span class='ocrx_word' id='word_1_858' title='bbox 687 2328 823 2367; x_wconf 79' lang='lat' dir='ltr'>significat</span> <span class='ocrx_word' id='word_1_859' title='bbox 836 2331 918 2367; x_wconf 87' lang='lat' dir='ltr'>[Quis</span> <span class='ocrx_word' id='word_1_860' title='bbox 974 2340 1045 2369; x_wconf 83' lang='lat' dir='ltr'>gunt</span> <span class='ocrx_word' id='word_1_861' title='bbox 1056 2351 1063 2358; x_wconf 92' lang='lat'>.</span> <span class='ocrx_word' id='word_1_862' title='bbox 1084 2332 1156 2359; x_wconf 85' lang='lat' dir='ltr'>Aliis</span> <span class='ocrx_word' id='word_1_863' title='bbox 1167 2333 1269 2370; x_wconf 83' lang='lat' dir='ltr'>placuit</span> <span class='ocrx_word' id='word_1_864' title='bbox 1286 2337 1464 2373; x_wconf 77' lang='lat' dir='ltr'>:nierpretari</span> <span class='ocrx_word' id='word_1_865' title='bbox 1473 2335 1613 2375; x_wconf 81' lang='lat' dir='ltr'>loquacem</span> <span class='ocrx_word' id='word_1_866' title='bbox 1623 2356 1631 2368; x_wconf 93' lang='lat'><em>‚</em></span> <span class='ocrx_word' id='word_1_867' title='bbox 1651 2347 1665 2364; x_wconf 89' lang='lat' dir='ltr'>a</span> <span class='ocrx_word' id='word_1_868' title='bbox 1685 2336 1769 2364; x_wconf 82' lang='lat' dir='ltr'>verbo</span> 
     </span>
     <span class='ocr_line' id='line_1_78' title="bbox 119 2362 1356 2408; baseline 0.009 -15"><span class='ocrx_word' id='word_1_869' title='bbox 119 2362 158 2393; x_wconf 81' lang='lat' dir='ltr'>est</span> <span class='ocrx_word' id='word_1_870' title='bbox 170 2374 238 2406; x_wconf 82' lang='lat' dir='ltr'>ergo</span> <span class='ocrx_word' id='word_1_871' title='bbox 250 2365 324 2395; x_wconf 79' lang='lat' dir='ltr'>Naas</span> <span class='ocrx_word' id='word_1_872' title='bbox 334 2366 522 2402; x_wconf 79' lang='lat' dir='ltr'>Ammonites,</span> <span class='ocrx_word' id='word_1_873' title='bbox 535 2377 594 2408; x_wconf 81' lang='lat' dir='ltr'>quae</span> <span class='ocrx_word' id='word_1_874' title='bbox 606 2367 644 2396; x_wconf 83' lang='lat' dir='ltr'>est</span> <span class='ocrx_word' id='word_1_875' title='bbox 655 2369 732 2407; x_wconf 80' lang='lat' dir='ltr'>Jabes</span> <span class='ocrx_word' id='word_1_876' title='bbox 743 2371 858 2401; x_wconf 73' lang='lat' dir='ltr'>Gaiaad?</span> <span class='ocrx_word' id='word_1_877' title='bbox 869 2372 918 2402; x_wconf 79' lang='lat' dir='ltr'>Sed</span> <span class='ocrx_word' id='word_1_878' title='bbox 975 2377 1064 2401; x_wconf 64' lang='lat' dir='ltr'>Nasro</span> <span class='ocrx_word' id='word_1_879' title='bbox 1074 2381 1191 2408; x_wconf 85' lang='lat' dir='ltr'>etymon</span> <span class='ocrx_word' id='word_1_880' title='bbox 1200 2373 1337 2404; x_wconf 77' lang='lat' dir='ltr'>trahentes</span> <span class='ocrx_word' id='word_1_881' title='bbox 1348 2396 1356 2403; x_wconf 93' lang='lat'><strong>.</strong></span> 
     </span>
    </p>
   </div>
   <div class='ocr_carea' id='block_1_13' title="bbox 1342 2415 1441 2448">
    <p class='ocr_par' dir='ltr' id='par_1_21' title="bbox 1342 2415 1441 2448">
     <span class='ocr_line' id='line_1_79' title="bbox 1342 2415 1441 2448; baseline -0.02 -1"><span class='ocrx_word' id='word_1_882' title='bbox 1342 2415 1441 2448; x_wconf 72' lang='lat' dir='ltr'>Ffz</span> 
     </span>
    </p>
   </div>
   <div class='ocr_carea' id='block_1_14' title="bbox 75 2198 235 2362">
    <p class='ocr_par' dir='ltr' id='par_1_22' title="bbox 75 2198 235 2362">
     <span class='ocr_line' id='line_1_80' title="bbox 75 2198 235 2362; baseline 0 -89"><span class='ocrx_word' id='word_1_883' title='bbox 75 2198 235 2362; x_wconf 95' lang='lat' dir='ltr'>   </span> 
     </span>
    </p>
   </div>
   <div class='ocr_carea' id='block_1_15' title="bbox 1648 2419 1734 2448">
    <p class='ocr_par' dir='ltr' id='par_1_23' title="bbox 1648 2419 1734 2448">
     <span class='ocr_line' id='line_1_81' title="bbox 1648 2419 1734 2448; baseline -0.012 0"><span class='ocrx_word' id='word_1_884' title='bbox 1648 2419 1678 2448; x_wconf 89' lang='lat' dir='ltr'>N</span> <span class='ocrx_word' id='word_1_885' title='bbox 1683 2429 1734 2447; x_wconf 67' lang='lat' dir='ltr'>Ait-</span> 
     </span>
    </p>
   </div>
  </div>
 </body>
</html>
