1866 2526
79 1174 175 1204 Soita
185 1195 194 1206 ‚
204 1170 310 1204 σολέαε
323 1173 360 1202 est
371 1173 491 1202 maxima
500 1172 574 1201 inter
583 1173 717 1202 Auctores
726 1170 922 1203 controversia,

109 2387 281 2426 mantem-J
300 2395 395 2434 Atque
414 2393 632 2431 Chrysostomus
649 2394 686 2426 de
701 2395 848 2426 Sacerdote
868 2396 911 2426 lo·

488 53 592 99 SO

107 121 110 125 ’
132 117 199 150 tisri
207 139 215 152 ‚
225 115 254 146 in
264 125 320 156 quo
327 113 375 144 fibi
382 113 487 144 necess'e
498 113 599 146 fuerit,
608 111 794 143 admonemus.
803 111 931 151 D.Greg.

137 160 184 190 lib.
201 170 225 188 i.
236 157 314 196 epist·
328 158 387 193 ¹3·]
400 157 457 186 FR.
467 154 620 194 Gregorius
631 175 639 187 ,
660 154 712 182 loc.
722 153 798 182 citat.
818 163 866 192 per
876 152 929 181 hoc

136 200 249 229 verbum
258 195 407 227 defendere
418 217 427 231 ,
434 195 508 225 tueri
518 216 527 228 ,
536 204 618 234 atque
628 194 766 223 consolari
776 216 784 228 ,
795 193 841 223 seu
850 193 930 222 solari

133 239 298 278 intelligere
309 236 421 267 videtur
431 250 442 271 ,-
463 246 526 266 nam
547 235 586 264 ibi
595 235 772 265 Luminosam
782 232 929 264 Zemarchi

134 280 239 310 tribuni
257 277 379 308 relichrn
389 277 526 317 Episcopo
534 276 773 306 Centumcellenst
790 285 929 306 commen—

132 322 181 351 dat
190 343 199 355 ‚
209 324 237 350 ὃ(
246 329 306 349 eam
316 319 456 352 solatiari,
481 319 512 346 in
522 327 577 356 quo
586 317 633 347 sibi
644 317 746 346 necesse
757 317 839 346 suerit
851 338 859 350 ‚
881 315 928 345 ad-

129 372 229 392 monet
239 382 247 394 ,
267 364 294 390 ὅ(
313 360 452 400 signanter
462 382 471 394 ‚
494 365 507 394 [
518 359 563 388 Ut
573 358 662 387 nullus
672 359 704 388 sit
714 358 741 387 ei
760 358 794 387 de
805 356 928 397 quolibet

131 402 261 433 molestus
271 401 389 430 articulo
398 401 430 430 in
438 399 572 429 comitiva
582 399 629 428 illa
638 421 646 433 ‚
656 401 712 438 qui
724 399 769 427 vir
779 401 835 435 ejus
846 408 929 437 agen-

129 444 196 472 dam
204 442 358 480 susceperat
368 464 376 476 ‚
398 442 485 471 donec
495 440 626 479 temporis
637 441 768 468 terminus
779 439 928 477 adimplea-

132 494 178 514 tur
187 487 240 512 διε.
251 484 265 514 ]
283 486 312 511 ὅ(
321 482 387 512 ficut
396 482 445 522 qui
453 481 537 510 fidem
549 490 599 519 pro
607 481 732 510 debitore
742 479 850 518 praestat
862 500 872 512 ,
894 479 928 506 il-

134 526 192 554 lum
201 523 351 552 defendere
361 523 474 553 videtui·
484 543 493 556 ‚
501 522 568 550 dum
578 521 739 550 indemnem
749 520 850 551 reddit5
861 519 927 548 hinc

126 575 198 595 unus
209 574 259 603 pro
268 566 355 593 altero
365 563 457 593 sensus
468 561 620 602 promiscue
635 560 776 600 usurpatur
787 581 795 588 .
819 565 831 595 [
843 560 926 597 Quod

131 616 160 636 te
178 607 266 640 (Deo
275 603 420 634 solatiante
430 607 444 636 )
459 603 545 642 usque
563 603 596 631 ad
613 601 731 640 praesens
746 600 926 640 spiritualiter

128 644 245 676 servasse
260 645 390 674 confess'us
399 654 426 673 es
435 664 442 672 .
463 644 547 682 Epist.
558 643 697 671 Zachariae
709 645 787 681 Papae
798 642 832 670 ad
841 641 927 670 Boni-

129 687 228 717 facium
238 686 401 725 Episcopum
411 706 419 713 .
429 686 465 714 In
474 694 542 712 tom.
553 695 566 722 3
573 704 580 711 .
591 683 750 712 concilior.
761 682 830 711 edit.
840 680 926 712 Paris.

127 728 163 757 de
182 738 247 756 ann.
272 731 356 762 ¹585·

85 769 242 799 Sota-num
251 787 259 795 .
268 769 326 796 FR.
335 766 511 795 sublevamen
521 787 529 798 ,
539 768 568 794 δι
580 763 715 801 fidejussio
724 785 732 798 ,
743 775 778 794 ex
789 764 873 794 verbo
881 768 927 792 So-

127 809 199 837 latio
208 829 216 842 ‚
226 807 261 836 de
270 807 363 846 quoin
375 808 394 836 1.
406 818 433 844 3.
443 807 478 836 de
488 806 678 834 exercitalibus
689 827 696 834 .
708 805 788 834 Idem
797 815 856 834 non
865 814 926 834 raro

125 848 240 877 habetur
249 847 279 876 in
288 848 419 887 Registro
429 848 467 876 D.
475 846 611 886 Gregorii
634 853 648 882 [
657 847 704 876 Ut
717 846 808 875 viduis
817 867 826 880 ,
844 855 872 874 ac
883 855 926 873 re-

127 889 235 928 gimine
245 887 372 917 desolatis
385 887 522 926 impertiri
535 909 543 920 ,
560 886 659 916 solatia
676 886 797 916 debeatis
809 907 817 920 ‚
837 886 885 915 lib.
903 896 925 914 ι.

127 929 208 968 epist.
223 940 252 968 ¹3
263 931 291 961 .]
302 933 337 959 Et
349 929 463 958 inferius
475 928 542 957 ibid.
556 929 622 964 [De
632 927 761 967 impensis
772 937 786 955 a
796 926 873 955 vobis
882 925 925 955 so-

128 971 202 998 latiis
215 970 372 1008 propensius
390 970 497 998 animus
515 969 668 1008 gratuletur
679 989 686 996 .
698 971 710 1000 ]
735 971 770 997 Et
780 968 847 997 sicut
857 967 922 997 fide-

125 1009 207 1047 juss'or
219 1020 342 1040 remanet
350 1010 428 1039 simul
437 1020 498 1038 cum
509 1010 635 1038 debitore
644 1009 675 1037 in
687 1009 782 1037 debito
791 1009 922 1047 illaquea-

125 1061 169 1080 tus
180 1062 188 1081 ί
199 1051 234 1080 fic
245 1051 339 1080 delieti'
349 1050 465 1079 societas
474 1051 611 1079 Solarium
622 1050 724 1079 dicitur
735 1071 743 1082 ‚
761 1049 780 1077 l.
791 1049 810 1078 si
819 1049 880 1087 quis
891 1049 923 1077 li-

126 1093 191 1121 bero
200 1091 309 1120 homini
321 1112 328 1119 .
337 1093 382 1121 De
393 1090 436 1120 his
445 1092 491 1130 qui
503 1091 660 1120 insidiando
671 1111 679 1119 .
691 1090 781 1120 Unde
784 1091 924 1128 solatium

127 1132 202 1172 quali
210 1131 369 1161 sodalitium
379 1131 458 1161 sonat
466 1153 473 1160 .
931 1141 935 1149 ·

124 1223 250 1253 qua-nam
260 1214 386 1244 Ecclesiae
400 1224 459 1252 pars
477 1223 524 1252 per
536 1213 606 1242 hanc
615 1213 768 1242 dictionem
780 1211 922 1250 intelliga-

125 1264 170 1284 tur
179 1276 187 1288 ‚
197 1264 258 1284 cum
268 1265 319 1293 pro
327 1264 472 1293 comperto
483 1254 611 1283 habeatur
619 1276 628 1287 ‚
636 1253 711 1292 quod
722 1253 781 1282 haec
801 1252 922 1281 constru-

124 1295 182 1324 &io
192 1296 319 1334 proxima
328 1295 362 1324 ad
371 1295 466 1324 Sancta
479 1295 648 1328 Sanftorum,
659 1293 734 1323 suiss'e
745 1315 752 1327 ,
776 1302 806 1322 ut
816 1303 850 1321 ex
863 1294 922 1322 Co-

124 1336 186 1364 dini
197 1336 301 1369 verbis,
311 1346 334 1364 c.
351 1346 394 1369 17.
405 1336 440 1364 dc
449 1334 494 1364 off.
505 1335 650 1375 colligitur
660 1357 667 1367 ,
677 1335 722 1364 ubi
731 1334 823 1373 inquit
838 1345 844 1361 :
859 1339 872 1369 [
884 1337 923 1363 At

120 1376 276 1406 Patriarcha
285 1386 371 1416 prope
379 1375 481 1405 soleam
503 1377 573 1406 stans
583 1398 592 1410 ‚
611 1375 707 1405 recitat
723 1375 879 1404 orationem
890 1396 897 1403 .
910 1376 922 1406 ]

120 1416 221 1456 Aliqui
238 1417 418 1446 crediderunt
437 1416 512 1446 fuisse
533 1416 724 1455 pavimentum
745 1425 808 1446 ante
827 1416 922 1445 Sancta

125 1457 288 1486 Sanflorum
297 1469 307 1488 ,-
316 1456 364 1486 sed
372 1458 434 1486 talis
446 1457 544 1495 opinio
555 1467 616 1486 cum
628 1457 717 1486 verbis
726 1457 904 1494 Curopalatae
914 1478 922 1489 ‚

120 1500 153 1525 ὅ(
162 1498 357 1526 Cantacuzeni
368 1508 426 1525 non
433 1498 583 1526 concordat
595 1518 603 1531 ,
613 1498 660 1536 qui
668 1498 807 1526 affirmant
818 1518 826 1530 ‚
849 1497 922 1537 quod

122 1536 235 1576 quando
250 1538 405 1576 Imperator
422 1538 456 1566 ad
474 1537 659 1567 Patriarcham
677 1537 734 1566 sese
751 1539 921 1576 approxima-

124 1578 168 1606 bat
180 1599 187 1610 ,
199 1586 247 1615 per
256 1577 330 1606 hunc
340 1577 421 1607 soleae
432 1579 524 1607 locum
534 1579 660 1608 transibat
669 1590 678 1610 5
687 1577 826 1616 superfluae
847 1578 922 1607 enim

122 1618 206 1647 ess'ent
217 1618 364 1647 relationes
374 1619 432 1648 istae
443 1641 452 1652 ,
473 1629 534 1648 cum
544 1619 656 1649 actenus
664 1619 697 1648 ad
708 1620 803 1648 Sanda
811 1619 921 1648 Sansto-

122 1669 183 1687 rum
194 1659 341 1688 necessario
352 1659 494 1689 transitum
506 1670 554 1698 per
564 1660 756 1700 pavimentum
765 1659 901 1699 supponat
914 1673 919 1688 :

124 1709 175 1728 nec
190 1700 328 1738 probabile
337 1711 469 1739 praeterea
481 1701 591 1730 videtur
600 1723 608 1734 ,
628 1701 735 1730 ruinam
745 1702 823 1731 trulli
834 1722 842 1735 ‚
864 1701 920 1731 five

120 1741 226 1778 cupulae
240 1761 248 1773 ,
269 1741 309 1770 ita
328 1741 520 1780 pavimentum
537 1751 678 1772 conterere
688 1740 804 1781 potuisse
815 1763 823 1775 ,
847 1752 877 1770 ut
890 1742 918 1770 in

123 1782 266 1819 pulverem
277 1792 506 1816 converteretur,
527 1783 758 1821 quemadmodum
777 1782 821 1811 his
830 1783 920 1811 verbis

122 1820 206 1848 refert
216 1821 375 1850 Cedrenus:
390 1829 402 1858 [
413 1823 504 1852 Trulla
513 1822 601 1852 saneta
611 1823 665 1852 Dei
676 1845 684 1857 ,
695 1833 857 1862 magnaeque
868 1826 918 1852 Ec-

123 1861 210 1890 clesia:
222 1861 357 1890 fornicata
367 1863 442 1901 lapsu
452 1863 503 1893 suo
512 1864 655 1893 ambonem
665 1886 673 1897 ,
691 1868 719 1894 δι
729 1863 815 1893 soleas
829 1885 838 1897 ,
857 1873 917 1902 quae

122 1912 156 1929 ex
169 1900 312 1936 onychide
321 1903 414 1941 lapide
425 1915 502 1933 erant
512 1927 521 1938 ‚
530 1904 668 1934 contrivit
678 1926 686 1937 ,
696 1908 723 1934 &
734 1904 764 1933 in
775 1905 918 1943 pulverem

120 1942 274 1970 convertit.
285 1944 296 1973 ]
309 1944 369 1972 Nec
382 1945 529 1974 verisimile
538 1945 663 1975 censetur
672 1967 680 1978 ,
690 1945 765 1984 quod
772 1945 919 1988 pavimen—

120 1992 180 2010 tum
190 1983 306 2021 gemmis
317 1993 371 2012 tarn
381 1985 578 2023 pretiosissimis
590 1986 701 2016 stratum
713 1985 800 2015 fiiisset
810 2006 817 2013 .
828 1987 918 2022 Quare

121 2023 207 2062 posset
216 2024 330 2053 interim
339 2026 440 2063 opinio
449 2027 562 2057 Meursii
576 2027 671 2066 sequi,
691 2024 827 2056 afferentis
844 2025 918 2056 fuisse

121 2063 254 2093 thronum
266 2086 274 2098 ‚
291 2065 347 2094 five
358 2065 458 2096 solium
468 2089 476 2102 ,
495 2078 529 2096 ex
547 2079 602 2107 quo
619 2067 828 2097 distribuebatur
846 2068 916 2098 fide-

121 2105 188 2133 libus
197 2106 357 2134 communio
369 2117 376 2135 ε
387 2110 415 2136 6<
425 2108 490 2137 licet
499 2108 608 2148 antiqui
619 2111 712 2138 Patres
722 2109 824 2137 nullam
836 2109 915 2146 hujus

121 2146 247 2188 yocabuli
257 2147 429 2176 mentionem
441 2148 551 2180 facinus
562 2149 718 2188 significant
730 2149 915 2179 nihilominus

120 2186 175 2213 illis
187 2187 319 2226 temporis
328 2188 412 2217 ritum
422 2211 430 2222 ‚
448 2190 524 2229 quod
532 2200 631 2229 nempe
641 2211 649 2224 ,
668 2189 699 2218 in
716 2190 767 2219 situ
777 2191 911 2220 eminenti

116 2226 230 2255 dabatur
238 2229 412 2258 Communio
421 2252 428 2263 ‚
448 2231 482 2260 :td
499 2230 686 2260 denotandum
707 2229 814 2261 Christi
826 2232 914 2261 Sacra-

116 2267 233 2311 mentati
243 2269 414 2305 Majestatem
425 2281 430 2298 :
447 2271 485 2300 ita
493 2280 590 2300 contra
600 2271 786 2301 Lucifer-iarios
795 2273 834 2302 D.
843 2273 912 2302 Hie—

115 2318 179 2336 ron.
190 2308 282 2348 inquit
293 2321 299 2337 :
312 2316 325 2345 [
336 2310 501 2350 Episcopum
512 2313 624 2351 Corpus
633 2312 752 2342 Domini
761 2313 912 2343 adtreehn-

113 2357 170 2378 tem
180 2369 189 2382 ,
208 2353 236 2378 δε
247 2350 282 2379 de
292 2350 401 2381 sublimi
419 2353 483 2382 loco
492 2352 690 2383 eucharistiam
709 2355 813 2393 populo
831 2355 912 2383 mini-

1277 54 1306 97 S
1336 53 1378 96 0
1634 61 1663 101 6
1666 73 1686 101 2

986 121 1082 152 quem,
1090 111 1124 141 ad
1135 109 1330 142 eucharistiam
1341 113 1473 151 populum
1482 71 1720 150 invitantem,ai?:
1732 120 1785 155 [Ea

986 155 1022 184 de
1031 151 1108 183 causa
1120 153 1191 183 stans
1198 153 1319 182 excelsus
1329 174 1338 186 ,
1348 153 1475 182 omnibus
1483 155 1638 184 manifestus
1648 179 1655 191 ,
1666 168 1786 189 tremen-

986 196 1024 225 do
1034 194 1064 224 in
1074 194 1125 224 illo
1135 193 1246 224 silemio
1257 193 1438 224 vehementer
1447 194 1575 224 inclamat
1587 207 1593 223 τ
1613 197 1708 226 saneta
1718 201 1786 230 San·

985 236 1046 265 etis.-
1057 238 1070 269 1
1084 234 1191 265 fortasse
1199 246 1256 265 erat
1263 237 1361 276 gradus
1370 245 1434 265 ante
1444 245 1554 274 portam
1567 236 1601 266 ad
1612 237 1707 267 Sancta
1716 242 1781 270 San-

985 278 1092 307 &orum
1103 298 1112 311 ,
1134 286 1195 316 quae
1207 278 1364 314 conycustura
1384 277 1473 306 verbis
1482 276 1602 307 Simonis
1611 278 1784 310 Thessaloni-

985 319 1069 349 censis
1079 318 1255 348 confirmatur
1265 340 1273 352 ‚
1283 319 1330 358 qui
1342 320 1396 348 ait:
1409 319 1616 355 [subdiaconos
1626 341 1634 352 ‚
1645 322 1673 349 &
1683 321 1786 350 Diaco-

985 370 1035 389 nos
1046 359 1139 389 sedere
1147 370 1260 398 oportet
1279 370 1356 389 extra
1366 362 1447 389 Bema
1467 359 1537 388 circa
1546 358 1650 388 soleam
1659 382 1668 394 ‚
1690 361 1738 390 lib.
1748 363 1784 393 de

985 400 1177 430 sacramentis-
1189 403 1201 433 ]
1223 403 1280 431 PR.
1293 403 1363 430 Non
1374 410 1509 440 repugnat
1520 399 1594 428 fuisl‘e
1605 411 1638 429 cx
1650 402 1786 438 onychite

985 443 1177 480 pavimentum
1188 464 1196 475 ,
1218 451 1249 471 ut
1257 452 1291 471 ex
1302 443 1434 472 Cedreno
1454 440 1533 480 supra
1552 441 1634 469 :illato
1653 441 1765 473 habetur
1774 457 1782 472 .-

984 493 1048 511 nam
1059 482 1105 511 hic
1116 483 1184 520 lapis
1194 482 1263 512 varii
1271 483 1457 522 generiserat,
1469 480 1602 520 pretiosus
1611 480 1716 512 scilicet
1726 506 1734 518 ,
1748 486 1784 514 de

984 523 1123 562 quoTlin.
1134 523 1182 553 lib.
1195 534 1242 562 37.
1253 534 1277 551 c.
1289 531 1316 553 6.
1327 528 1355 553 ὅ(
1366 524 1453 552 Vilior
1464 545 1472 557 ,
1481 523 1516 552 de
1527 533 1582 561 quo
1592 532 1658 551 mox
1669 524 1757 554 dicam
1769 539 1781 560 ,-

983 564 1040 593 imo
1049 566 1148 593 Romae
1163 564 1192 593 in
1204 564 1319 603 pr1vatis
1332 564 1457 594 domibus
1475 563 1682 602 reperiebantur
1702 567 1782 604 pavi-

982 614 1076 633 menta
1084 604 1221 641 onychite
1239 604 1364 635 secunda:
1383 605 1483 644 speciei
1499 603 1656 633 lithostrata
1667 626 1675 638 ‚
1699 607 1736 635 ita
1748 618 1781 638 ex

983 645 1122 679 Martiali,
1134 647 1180 675 lib.
1196 657 1205 675 i
1213 658 1240 675 2.
1251 647 1339 685 epigr.
1357 657 1401 682 50.
1411 646 1559 686 colligitur
1568 667 1576 679 ‚
1586 645 1632 674 ubi
1643 645 1738 685 inquit
1748 648 1778 677 in

981 685 1127 714 habentem
1138 697 1258 716 :tmoenas
1268 688 1340 716 aedes
1348 699 1356 715 .-

1020 728 1114 757 Ettt'bi
1135 731 1259 757 centenis
1272 729 1333 765 stat
1350 732 1474 766 porticus
1496 727 1560 755 alta
1577 726 1711 756 columnis
1722 751 1729 761 ,

1065 769 1255 807 Calcatusque
1277 778 1325 798 tuo
1341 770 1395 808 sub
1412 769 1478 806 pede
1498 767 1573 796 lucet
1593 777 1663 807 onyx
1674 788 1683 795 .

978 810 1019 837 Et
1029 807 1063 837 de
1076 808 1194 839 Etruscis
1203 809 1328 839 Thermis
1340 832 1347 843 ,
1370 810 1417 838 lib.
1429 816 1456 838 6.
1465 808 1555 847 epigr.
1568 819 1616 843 42.

1061 856 1124 880 Lxx
1145 852 1204 889 ipsa
1226 852 1261 887 est
1283 852 1337 880 tibi
1359 851 1460 888 longior
1470 870 1478 882 ‚
1505 849 1616 887 diesque

1062 892 1145 921 Nullo
1165 892 1277 920 tardius
1300 903 1319 921 a
1340 892 1393 920 loco
1414 890 1535 919 recedit.

1061 936 1149 962 Siccos
1167 935 1280 971 pinguis
1301 943 1372 971 onyx
1390 931 1508 961 anhelat
1523 931 1598 967 astus
1607 950 1615 958 .

1058 973 1123 1002 Illic
1139 977 1256 1011 Taygeti
1277 977 1377 1002 virent
1395 972 1516 1001 metalla
1526 991 1534 1004 ‚

1066 1019 1105 1042 Er
1126 1022 1238 1042 certant
1259 1017 1341 1043 vario
1361 1014 1454 1042 decore
1472 1013 1548 1050 saxa
1558 1011 1617 1046 &c-

978 1053 1048 1082 Haec
1059 1053 1134 1083 enim
1142 1053 1361 1093 distinguebatur
1371 1064 1385 1083 a
1395 1062 1502 1092 gemma
1511 1051 1655 1088 onychitis
1666 1075 1674 1087 ,
1685 1054 1719 1084 de
1728 1065 1780 1095 qua

978 1104 1087 1133 gemma
1098 1094 1217 1124 Martial.
1226 1095 1273 1124 lib.
1291 1106 1300 1123 t
1312 1106 1334 1123 1.
1347 1104 1435 1133 epigr.
1448 1104 1494 1130 50.

1058 1135 1201 1173 Profertur
1223 1137 1315 1174 Cosmi
1335 1146 1411 1164 nunc
1433 1135 1506 1164 mr'hi
1522 1133 1611 1172 fictus
1632 1145 1721 1176 onyx.

977 1178 1012 1204 Et
1033 1175 1068 1205 de
1090 1175 1214 1214 pretioso
1235 1175 1299 1206 vase
1320 1175 1466 1212 onychitis
1485 1175 1562 1204 idem
1583 1175 1618 1205 ad
1639 1176 1780 1215 Papilum,

978 1217 1025 1246 lib.
1037 1228 1064 1251 7.
1075 1217 1163 1256 epigr.
1172 1229 1224 1254 94„

1057 1264 1235 1296 Unguentum
1240 1258 1340 1297 fuerat
1351 1280 1358 1291 ,
1369 1258 1442 1297 quod
1449 1268 1520 1297 onyx
1531 1258 1608 1286 modo
1613 1258 1729 1296 gerebat
1737 1279 1746 1291 .

1059 1298 1165 1337 Olfecit
1183 1301 1237 1337 post
1256 1310 1342 1339 quam
1351 1299 1464 1336 Papilus
1475 1320 1482 1331 ‚
1504 1309 1563 1328 ecce
1579 1309 1682 1337 garum
1703 1300 1741 1336 es}
1749 1320 1759 1332 ‚

978 1340 1024 1369 De
1040 1338 1179 1375 onychite
1197 1350 1288 1369 autem
1306 1339 1358 1368 vili
1368 1339 1493 1372 Plinius,
1511 1339 1556 1368 lib.
1568 1350 1615 1378 34.
1635 1351 1659 1368 c.
1676 1351 1719 1369 10.
1740 1339 1778 1369 ite

978 1379 1089 1409 scribit:
1109 1386 1123 1416 [
1136 1381 1229 1410 Tertia
1239 1381 1278 1410 est
1290 1382 1319 1410 in
1331 1380 1459 1409 lateribus
1469 1379 1608 1409 fornacum
1618 1402 1626 1413 ,
1637 1391 1698 1420 quae
1713 1391 1778 1420 pro-

979 1431 1041 1459 pter
1051 1422 1218 1461 gravitatem
1239 1421 1273 1450 ad
1292 1431 1407 1450 cameras
1419 1420 1567 1460 pervenire
1585 1431 1643 1450 non
1664 1421 1758 1460 potuit
1769 1443 1778 1455 ,

977 1462 1036 1491 haec
1055 1462 1160 1491 dicitur
1168 1462 1275 1501 placitis
1285 1466 1338 1491 &c.
1353 1472 1387 1490 ex
1398 1470 1427 1489 ea
1437 1461 1493 1489 duo
1502 1461 1552 1489 alia
1561 1471 1682 1500 genera:
1703 1472 1778 1498 ony-

977 1502 1061 1531 chitis
1071 1513 1148 1532 eittra
1158 1513 1230 1542 pene
1239 1503 1337 1531 caerula
1350 1524 1357 1535 ,
1370 1502 1444 1530 intus
1455 1500 1572 1536 onychis
1583 1502 1696 1531 maculis
1705 1503 1778 1532 simi-

980 1543 1038 1575 lis-J
1050 1544 1111 1574 Ubi
1122 1544 1156 1573 sic
1170 1544 1199 1573 in
1209 1547 1265 1579 ejus
1277 1542 1502 1572 annotationibus
1510 1543 1626 1580 Jacobus
1634 1543 1777 1574 Dalecam-

977 1583 1037 1623 pius
1050 1596 1056 1613 τ
1074 1590 1090 1620 t
1098 1584 1278 1614 Cadmiarum
1298 1593 1398 1623 genera
1409 1581 1472 1611 sunt
1481 1582 1604 1622 quinque
1614 1605 1623 1617 ‚
1646 1584 1734 1622 prima
1740 1596 1776 1614 ex

977 1625 1069 1663 lapide
1095 1625 1190 1665 pyrite
1208 1625 1268 1654 usto
1281 1646 1288 1658 ‚
1306 1623 1424 1653 secunda
1443 1624 1562 1659 botrytis
1573 1645 1581 1657 ‚
1600 1625 1682 1653 tertia
1701 1636 1776 1662 ony-

977 1665 1061 1695 chitis
1071 1687 1079 1699 ‚
1091 1676 1185 1706 quarta
1195 1666 1322 1705 placodes
1331 1688 1338 1699 ‚
1351 1666 1407 1695 sive
1420 1664 1527 1704 placitis
1537 1686 1545 1698 ‚
1555 1665 1653 1704 quinta
1661 1666 1778 1696 ostraci-

978 1707 1012 1736 tis·
1024 1707 1200 1737 ‚Confundit
1210 1707 1270 1736 haec
1279 1706 1374 1736 omnia
1383 1705 1489 1735 Plinius
1499 1726 1505 1733 .
1514 1711 1529 1741 t
1541 1709 1581 1735 Ex
1594 1716 1650 1745 quo
1660 1707 1777 1737 evidens

978 1747 1010 1776 fit
1020 1770 1028 1781 ‚
1051 1746 1122 1777 hanc
1131 1747 1278 1777 secundam
1289 1747 1434 1783 onychitis
1443 1745 1560 1785 speciem
1570 1757 1627 1775 non
1636 1746 1687 1776 ess'e
1697 1759 1777 1788 gem-

976 1798 1047 1817 mam
1059 1810 1067 1822 ,
1079 1788 1127 1818 sed
1136 1790 1269 1818 cadmiam
1280 1811 1287 1823 ,
1304 1798 1364 1827 quae
1375 1787 1450 1816 nihil
1459 1788 1533 1816 aliud
1541 1787 1579 1816 est
1591 1810 1599 1822 ‚
1617 1797 1648 1816 ut
1667 1789 1715 1818 lib.
1724 1800 1774 1828 34.

966 1829 1000 1858 'c-
1015 1840 1040 1857 i.
1051 1833 1079 1858 ὅ(
1093 1841 1136 1858 ιο.
1148 1831 1220 1859 idem
1231 1830 1337 1858 Plinius
1346 1827 1466 1867 explicat
1478 1850 1486 1861 ,
1502 1839 1584 1867 quarn
1594 1839 1629 1857 κς
1637 1839 1672 1858 ex
1683 1830 1776 1868 lapide

977 1869 1066 1899 aeroso
1076 1892 1083 1903 ,
1105 1870 1152 1909 qui
1164 1882 1177 1899 a
1190 1870 1372 1899 similitudine
1381 1869 1483 1897 coloris
1495 1879 1613 1908 gen-ime:
1632 1869 1712 1905 hujus
1721 1882 1775 1900 no-

975 1910 1059 1939 minis
1070 1912 1216 1948 Onythites
1227 1910 1412 1949 appellabatur
1423 1921 1431 1940 5
1449 1908 1495 1938 sed
1508 1910 1571 1948 quia
1580 1910 1776 1942 extrahebatur

974 1962 1008 1980 ex
1019 1951 1112 1989 Cypri
1123 1950 1215 1980 Insula
1226 1973 1233 1984 ,
1254 1952 1292 1979 ita
1303 1950 1408 1980 Plinius
1420 1972 1427 1983 ‚
1447 1950 1495 1978 cit.
1507 1950 1552 1978 lib.
1564 1961 1612 1989 34.
1622 1962 1645 1979 c.
1663 1962 1707 1981 ιο.
1727 1953 1775 1983 ubi

972 1993 1090 2031 loquens
1108 1992 1141 2020 de
1153 1991 1289 2027 onychite
1300 1991 1417 2020 Cadmia
1430 2011 1437 2022 ,
1457 1990 1492 2019 sic
1511 1990 1623 2030 inquit.-
1647 1994 1774 2028 [Omnis

971 2042 1060 2062 autem
1071 2032 1186 2062 Cadmia
1208 2032 1238 2060 in
1249 2031 1341 2070 Cypri
1363 2031 1513 2060 fornacibus
1533 2032 1637 2070 optima
1649 2035 1680 2065 .]
1703 2034 1774 2064 Ideo

972 2071 1081 2102 sortasse
1091 2094 1098 2105 ,
1109 2071 1181 2101 solea
1193 2073 1276 2101 etiam
1286 2072 1345 2101 haec
1356 2072 1475 2102 Cadmi:
1493 2072 1566 2101 dic'ta
1579 2073 1618 2102 est
1628 2096 1637 2107 ,
1660 2085 1722 2104 narn
1742 2075 1773 2104 in

972 2115 1073 2153 Cypro
1085 2123 1140 2143 erat
1151 2114 1235 2147 Urbs,
1249 2124 1309 2153 quse
1321 2114 1388 2142 teste
1398 2113 1518 2142 Nicolao
1527 2114 1677 2153 Nonigero
1687 2117 1717 2144 in
1727 2116 1770 2144 di-

969 2154 1105 2184 fiionario
1115 2165 1207 2193 graeco
1218 2155 1313 2187 latino,
1325 2154 1434 2184 Σώλεκι
1445 2154 1594 2183 dicebatur.
1603 2156 1647 2184 De
1659 2155 1709 2185 hac
1722 2159 1771 2185 Fe-

971 2196 1039 2225 stus:
1053 2202 1066 2231 [
1078 2196 1155 2224 Solea
1166 2217 1172 2228 ,
1185 2205 1214 2223 ut
1224 2196 1261 2224 ait
1272 2195 1385 2224 Verrius
1395 2217 1403 2228 ,
1419 2194 1525 2224 estnon
1534 2194 1622 2224 solum
1632 2207 1662 2225 ea
1675 2218 1683 2229 ,
1707 2207 1769 2236 quae

969 2236 1031 2265 solo
1041 2236 1117 2275 pedis
1127 2235 1270 2270 subjicitur
1280 2258 1287 2269 ‚
1298 2235 1345 2265 scd
1354 2235 1437 2264 etiam
1449 2246 1501 2274 pro
1513 2237 1626 2265 materia
1636 2237 1769 2270 robustea,

968 2278 1024 2306 sive
1035 2283 1082 2311 (ut
1092 2277 1190 2305 melius
1200 2278 1294 2315 legunt
1305 2278 1373 2309 alii)
1385 2277 1506 2307 Robusto
1517 2299 1525 2311 ‚
1541 2276 1621 2315 super
1631 2287 1711 2316 quam
1724 2288 1771 2317 pa-

968 2317 1020 2347 ries
1028 2318 1141 2347 craticus
1152 2318 1298 2346 extruitur.
1308 2320 1320 2349 ]
1334 2317 1454 2348 Robusta
1464 2317 1596 2357 siquidem
1607 2339 1615 2351 ,
1626 2318 1717 2357 quoad
1727 2328 1769 2346 te-

968 2360 1115 2389 nacitstem
1126 2370 1134 2390 ,-
1145 2357 1193 2387 sed
1204 2358 1374 2398 percussione
1385 2358 1502 2391 teritur5
1522 2358 1588 2387 hinc
1598 2359 1697 2388 mirum
1709 2370 1769 2388 non

966 2399 1004 2431 est
1014 2422 1023 2438 ,
1033 2400 1053 2432 si
1064 2399 1136 2431 solea
1145 2421 1154 2437 ,
1165 2400 1221 2432 sive
1229 2410 1309 2437 onyx
1322 2399 1352 2432 in
1360 2400 1463 2432 Trullx
1474 2399 1553 2433 ruina
1561 2399 1667 2431 redafta
1677 2399 1767 2444 sigerat

1695 2451 1726 2471 m
