1866 2526
130 92 276 132 aliquando
287 91 407 122 absolute
417 92 500 124 etiam
509 103 528 121 a
548 93 688 122 Cancellis
707 93 893 132 appellabatur
906 103 913 122 3

131 135 199 163 ficut
209 134 346 163 chricus
357 133 507 163 Monachus
517 133 546 162 in
558 133 618 164 vita
637 135 771 163 Germani
790 134 893 162 cecinit
904 155 912 166 ‚

130 174 258 213 inquiens
267 195 275 202 .

169 215 335 244 Volutianus
346 224 403 244 crat
415 213 548 253 prxcelso.
555 215 670 244 nomine
679 216 791 254 quidam

209 255 296 284 Urbis
306 255 428 285 Patricio
438 278 446 290 ,
470 256 523 284 toti
534 256 649 285 dileftus
658 257 751 285 &urbi
764 278 770 289 ,

169 299 262 334 Atque
272 307 286 324 a
295 296 436 325 Cancellis
446 295 536 334 prisco
546 297 579 325 de
592 307 668 325 more
681 298 805 326 inxnister
814 317 821 325 .

128 337 192 364 Imo
201 341 229 366 δε
239 335 325 374 ipsum
335 337 467 366 Tribunal
479 359 486 370 ,
498 339 635 369 emmila,
646 338 785 366 dicebatur
795 357 802 364 .
815 343 827 372 [
840 336 911 365 Nul-

129 378 151 404 la
162 387 291 415 praetoria
300 376 418 405 observo
429 399 436 411 ,
459 379 595 407 cancellos
614 389 672 406 non
683 379 768 407 adoro
779 399 787 410 ‚
809 377 907 406 subsel-

127 418 162 445 lia
175 428 234 446 non
243 418 388 446 contundo
401 440 407 450 ,
428 421 485 455 jura
498 429 555 447 non
570 419 704 447 conturbo
713 440 720 451 ,
741 417 829 446 caus-is
853 428 907 445 non

129 458 218 487 elatro
227 481 235 492 ,
259 469 315 487 non
325 459 418 496 judico
430 479 436 486 .
449 460 589 491 Tei-tull]
605 461 660 488 PR.
672 461 740 487 Non
748 458 809 486 sunt
819 468 908 486 tamen

125 499 275 538 arguendi,
298 499 344 537 qui
358 509 458 528 nomen
471 499 637 530 Cancellarii
649 510 663 527 a
672 499 850 527 cancellando
862 499 907 526 de<

123 540 228 568 ducunt
240 561 248 572 ,
267 541 366 568 Lucam
378 551 391 568 a
401 542 467 569 Pen.
480 540 537 569 inl.
548 539 686 569 neminem
698 551 704 567 :
725 541 760 568 C.
771 539 804 567 dc
816 539 906 567 decur-

124 581 173 610 lib.
190 592 231 609 ιο.
242 583 268 608 ἃ
282 580 454 609 Gulielmum
465 581 499 610 de
510 581 610 609 Bened.
624 580 652 607 in
662 589 720 617 cap.
741 580 888 609 Rainutius
900 601 906 611 ,

124 632 151 648 n.
168 631 232 658 ¹93-
241 621 276 648 dc
289 620 430 649 testamen.
441 620 581 659 sequentes
594 643 601 654 ,
621 621 668 659 qui
681 620 836 649 Policratici
847 630 907 648 ver-

123 661 155 689 ba
166 663 253 689 citant
263 682 270 693 ‚
293 662 409 695 :nemim
430 662 511 695 [hic
521 662 559 690 cst
571 683 578 694 ‚
598 662 644 699 qui
658 662 730 699 leges
741 663 832 700 Regni
844 671 905 689 can-

122 702 203 730 cellat
216 702 330 739 iniquas,
344 706 378 731 Et
387 701 515 729 mandata
526 703 565 739 pii
580 702 716 739 Principis
725 712 802 739 :equa
814 701 902 732 facin]

121 743 278 779 Antiquum
298 740 370 770 fiu'flk
388 741 440 770 hoc
450 743 572 770 officium
594 753 674 781 penes
684 746 777 781 Reges
786 753 800 770 a
811 741 903 770 Porse-

120 792 162 810 nae
175 779 324 811 Tuscorum
337 783 425 821 Regis
434 784 600 820 temporibus
610 806 618 816 ‚
641 793 674 811 ex
687 785 773 812 verbis
783 784 841 811 Tit.
860 783 904 811 Li-

120 823 160 850 vii
172 822 295 860 arguitur
307 844 314 855 ,
337 834 382 862 qu:
395 824 439 852 lib.
454 836 479 852 ι.
489 825 522 853 de
533 826 588 853 Cn.
600 824 690 852 Murio
710 823 828 853 eundem
847 826 904 852 Re-

118 872 183 901 gem
200 863 328 891 occidere
347 865 484 903 cogitante
496 887 502 897 ,
526 866 700 893 mentionem
724 864 826 893 faciens
839 886 847 897 ,
870 865 903 894 fic

121 904 176 931 ait:
199 905 295 939 [Cum
307 905 440 934 militibus
451 906 616 943 stipendium
632 906 703 934 forte
725 906 835 934 daretur
846 927 854 937 ,
877 909 903 933 ὃ(

118 942 203 973 scriba.
212 954 273 972 (um
283 947 362 984 Rege
371 944 467 973 sedens
477 970 484 979 ,
505 947 560 984 pari
573 947 657 975 sei-me
677 955 776 975 ornatu
789 967 797 978 ,
820 946 904 973 mult:

118 994 210 1022 ageret
223 988 253 1017 ,]
268 990 295 1014 δε
305 987 386 1023 paulo
397 988 457 1024 post
469 998 474 1013 :
488 994 500 1022 [
512 987 628 1015 Scribam
640 998 689 1025 pro
700 989 780 1024 Rege
790 986 902 1014 obtrun-

118 1034 160 1052 tat
172 1045 178 1051 .
190 1027 201 1055 ]
213 1026 400 1054 cancellarius
409 1026 482 1054 enirn
493 1027 566 1055 idem
578 1038 605 1055 ac
616 1028 705 1056 Scriba
729 1027 810 1055 ctiam
833 1027 902 1064 apud

120 1066 248 1103 antiquos
258 1065 412 1103 promiscue
423 1067 634 1106 intelligebatur
648 1091 654 1100 ,
665 1068 698 1096 fic
712 1067 782 1106 apud
797 1067 834 1095 Η.
848 1069 903 1095 vo-

121 1104 224 1143 piscum
235 1106 350 1144 legimus
360 1106 434 1135 suissi:
446 1108 517 1135 urbis
528 1108 686 1145 praefcctum
695 1118 708 1135 a
718 1108 825 1136 Carino
844 1109 901 1135 Im-

120 1156 244 1184 peratore
254 1156 372 1175 creatnm
391 1157 473 1174 unum
485 1158 518 1175 ex
529 1151 584 1183 ejus
603 1148 803 1180 cancellariis,
825 1151 853 1176 δ(
874 1149 902 1176 ab

119 1188 189 1225 Imp.
221 1188 351 1215 Honor20
362 1209 368 1219 ‚
391 1191 418 1215 ὅ(
448 1187 605 1217 Theodtnio
632 1188 766 1217 sancitum
777 1209 785 1221 ,
808 1188 881 1226 quod
896 1200 899 1217 ῑ

120 1232 133 1261 [
156 1227 256 1256 Nullus
272 1227 391 1263 judicum
409 1227 442 1255 :d
465 1229 637 1265 provinciam
656 1229 704 1258 fibi
735 1227 899 1257 commissam

118 1276 280 1306 quemquam
292 1266 383 1295 secum
394 1268 493 1296 ducere
502 1270 597 1298 audeat
608 1292 615 1302 ,
625 1270 667 1298 cui
680 1269 844 1301 Domestici,
856 1269 900 1297 vel

117 1308 288 1336 ‹ssancellarii
300 1318 402 1336 nomen
416 1309 538 1347 imponat
553 1314 604 1338 ἃς.
617 1311 633 1338 l.
645 1311 745 1342 nullus,
757 1311 792 1338 C.
805 1311 839 1338 de
849 1313 901 1338 At-

116 1347 164 1375 tes.
176 1348 260 1376 Doni.
271 1351 296 1376 ὅ(
309 1349 434 1377 Cancell.
448 1351 459 1380 ]
481 1351 523 1378 Ita
543 1351 626 1379 etiam
646 1351 839 1379 Cancellarius
848 1356 900 1379 Im>

111 1388 229 1426 perialis
243 1388 397 1426 Partfimfis
408 1412 415 1422 ,
439 1393 466 1418 δε
477 1390 575 1419 similes
585 1392 716 1420 dicuntur
725 1413 733 1424 ,
751 1391 785 1419 de
804 1392 899 1430 quibus

116 1428 238 1456 nostrum
250 1439 306 1457 non
316 1429 354 1457 est
363 1430 505 1459 instituere
516 1433 659 1461 tra-statum
673 1443 679 1461 ς
693 1442 754 1460 nani
764 1432 797 1460 de
809 1433 900 1460 Eccle-

117 1468 221 1496 ssastico
231 1479 338 1497 tantum
350 1471 429 1499 νει-δε
441 1470 550 1500 facimus
560 1493 567 1500 .
588 1474 633 1502 De
642 1473 698 1500 illis
710 1483 802 1501 tamen
812 1473 900 1511 aliqua

118 1517 262 1551 tangemus
271 1510 302 1537 in
311 1510 376 1537 dict.
387 1512 531 1548 Logotheta
541 1533 548 1540 .
571 1516 607 1547 ²ll³
619 1517 637 1542 '1
645 1513 726 1541 itulus
745 1522 834 1541 autem
857 1513 901 1540 liic

119 1558 150 1589 in
161 1549 275 1577 Ecclesia
286 1551 410 1578 Romana
421 1550 570 1589 suppressus
582 1553 634 1581 fuit
646 1575 653 1586 ‚
675 1563 758 1591 quum
768 1554 901 1582 cardina-

119 1588 152 1615 iis
162 1609 169 1620 ,
192 1588 239 1626 qni
257 1587 306 1617 hac
326 1589 468 1628 dignitate
494 1592 635 1632 fungitur,
658 1594 900 1622 vicecancellarius

119 1629 275 1671 appelletur
285 1649 292 1656 .
315 1630 358 1658 De
369 1630 444 1667 hujus
455 1631 649 1670 suppreffionis
660 1633 736 1662 causa
746 1634 814 1662 varii
826 1635 899 1662 varia

118 1669 247 1697 alierucre
258 1691 265 1702 ‚
288 1668 335 1698 sed
347 1680 415 1699 vane
424 1673 535 1709 quidem
547 1695 555 1706 ,
577 1677 605 1702 ἃ
615 1673 712 1712 absque
730 1674 788 1702 ullo
806 1674 901 1702 funda*

118 1718 215 1752 mento
227 1721 233 1740 5
257 1720 319 1738 iuni
337 1711 422 1749 aliqui
438 1713 569 1742 dixerunt
580 1735 588 1745 ,
611 1715 686 1752 quoi
713 1715 901 1743 cancellarius

119 1750 231 1787 quidam
238 1749 371 1788 superbia,
382 1756 410 1780 ὃ(
420 1755 580 1792 arrogantia.
592 1754 787 1788 intumescens,
797 1754 825 1784 se
835 1765 901 1784 con-

119 1799 159 1817 tra
168 1791 332 1819 Pontificem
341 1793 439 1826 jaciate
449 1793 626 1831 praesumebat
637 1817 645 1828 ‚
668 1796 786 1834 ideoque
806 1797 901 1825 Ponti-

122 1829 166 1858 sex
179 1829 251 1858 hunc
264 1832 376 1861 titulum
388 1833 417 1860 in
429 1834 654 1863 vicecancellarii
680 1838 811 1865 vocabulo
821 1837 901 1865 dimi—

122 1870 182 1898 nuit
193 1890 200 1898 .
222 1871 282 1899 Alii
292 1882 358 1900 vero
367 1871 534 1912 scripserunt
544 1897 552 1908 ‚
568 1877 642 1913 quod
652 1887 684 1905 ex
696 1887 730 1905 eo
740 1878 801 1915 quia
812 1878 901 1906 Divus

121 1912 285 1954 {aui-entius*
292 1913 461 1943 Protoniart.
472 1916 573 1953 primus
585 1918 610 1945 S.
623 1919 657 1945 R.
669 1921 698 1945 E.
711 1918 899 1946 Cancellarius

121 1954 223 1984 iuerat,
247 1952 312 1995 ideo
321 1954 411 1981 caeteri
421 1953 580 1985 successores
598 1967 712 1995 propter
729 1959 804 1986 illius
826 1969 904 1987 reve-

123 2001 239 2020 rentiam
258 1994 500 2024 vicecancellarios
519 1997 614 2025 vocari
636 1999 792 2027 maluerunt
803 2019 810 2026 .
832 2002 902 2028 Tan-

121 2032 184 2060 dem
205 2043 263 2061 non
281 2034 358 2070 pauci
374 2036 532 2065 Gomeflum
542 2037 628 2067 secuti
641 2039 670 2066 in
682 2040 821 2076 prooemio
831 2043 903 2079 Reg-

121 2073 248 2101 Cancell.
258 2074 354 2117 dixere
364 2095 372 2107 ‚
393 2077 467 2113 quod
478 2077 544 2106 ideo
555 2079 802 2108 Vicecancellarius
811 2083 904 2119 appel-

121 2113 195 2141 letur
205 2135 213 2147 ‚
235 2124 298 2152 quia
308 2113 379 2142 solus
388 2117 459 2153 Papa
469 2117 499 2145 in
520 2119 637 2147 Ecclesia
649 2119 704 2147 Dei
715 2120 905 2150 cancellarius

121 2153 161 2196 el}
171 2174 179 2181 .
205 2156 261 2183 PR.
271 2157 309 2183 At
321 2155 539 2192 respondendum
548 2161 585 2188 cst
606 2170 702 2188 contra
712 2161 828 2198 primam
847 2162 906 2200 opi-

124 2203 240 2222 monem
252 2206 259 2222 :
283 2194 376 2223 salsum
399 2195 454 2225 esse
483 2208 602 2238 unquam
623 2200 813 2230 Cancellarios
844 2212 906 2230 cum

122 2235 201 2279 Papae
224 2236 357 2273 potestate
379 2237 542 2275 competisse
552 2261 561 2272 ‚
583 2241 682 2269 nullibi
691 2241 765 2269 enim
785 2242 840 2270 tale
849 2241 907 2271 suc-

122 2276 225 2317 celsum
243 2276 349 2314 legitur
360 2288 369 2308 5
391 2278 460 2306 bene
475 2289 565 2308 autem
583 2280 618 2309 de
636 2281 815 2310 cancellariis
836 2284 907 2312 urbis

125 2318 291 2353 zquivocari
303 2337 312 2349 ‚
334 2321 362 2347 ὅ(
373 2318 408 2346 de
430 2319 658 2354 Arcliidiaconis‚
675 2321 792 2360 utsupra
801 2323 832 2351 in
841 2324 906 2352 dist.

76 2387 80 2389 ‚
123 2355 344 2388 Arcbtdcaconm
354 2358 458 2388 diuum
477 2359 529 2389 fuit
538 2381 547 2394 ,
569 2371 628 2399 quae
640 2362 761 2402 dignitas
780 2363 908 2394 distineta

1250 34 1288 75 C
1320 34 1359 75 A
1623 49 1698 91 137

966 90 1075 130 semper
1086 90 1137 121 suit
1146 101 1160 120 a
1170 91 1379 121 Cancellariatu
1389 112 1397 124 ‚
1420 90 1485 120 licet
1495 91 1578 120 semel
1590 114 1597 124 ,
1620 104 1664 122 aut
1675 91 1753 122 bisin

967 133 1163 162 Hildelbrandi
1176 131 1290 170 persona
1300 132 1378 160 unita
1389 131 1471 160 suerit
1483 154 1491 165 ‚
1514 142 1544 161 ut
1565 142 1642 161 notat
1653 137 1754 163 Baton.

965 173 1051 202 adan.
1069 181 1152 202 1061·
1165 183 1191 200 n.
1205 183 1217 210 3
1229 183 1251 201 ι.
1263 177 1290 202 ὃ(
1302 173 1330 200 ιιι
1344 172 1475 202 Federico
1487 195 1494 206 ‚
1513 173 1671 212 quideinde
1680 176 1759 202 Pon-¹

966 213 1034 242 tifex
1045 213 1128 242 faetus
1138 235 1145 246 ,
1169 212 1320 251 Stephanus
1332 215 1365 241 X.
1375 214 1524 251 appellatus
1536 213 1587 242 fiiit
1601 235 1608 246 ,
1631 223 1659 242 ut
1681 214 1752 241 infra

967 255 1086 282 dicemus
1098 265 1105 285 5
1128 253 1175 282 scd
1195 254 1369 292 aequivocuin
1389 254 1548 283 Cardinalis
1566 254 1716 283 Zabarellae
1727 263 1755 280 c-

965 295 1075 333 quidem
1089 294 1140 322 fuit
1150 293 1229 332 super
1239 295 1383 323 Clement.
1394 294 1422 322 in
1433 305 1490 332 cap.
1502 297 1547 324 Ne
1558 294 1692 324 Romanis
1703 314 1711 326 ‚
1721 294 1755 322 de

968 336 1052 364 hlefi.
1072 334 1214 364 scribentis
1223 357 1232 368 ‚
1254 336 1297 364 cui
1314 335 1362 363 alii
1382 334 1557 364 adlraeserunt
1568 357 1576 368 ‚
1599 340 1627 365 ὃς
1646 333 1756 363 sortass'c

966 376 1030 404 inde
1040 385 1118 405 error
1125 374 1248 413 sumptus
1260 375 1355 407 fuerat,
1368 375 1432 414 quia
1441 375 1475 404 de
1489 375 1541 405 hoc
1551 375 1754 404 Hildelbrando

967 418 1068 455 legerat
1086 427 1167 455 penes
1178 419 1288 445 Petrum
1297 417 1471 445 Daniianum
1478 415 1569 445 versus
1588 417 1651 446 illos
1661 416 1695 445 de
1706 418 1755 445 Pa-

965 467 999 495 pa
1009 479 1016 490 ‚
1039 461 1067 486 δι
1080 457 1284 486 Hildelbrando
1293 479 1301 491 ,
1323 457 1460 496 praecspue
1469 458 1512 485 ubi
1524 457 1571 486 ille
1581 458 1637 485 ait:

1009 499 1115 527 Vivere
1126 498 1167 526 vis
1177 500 1274 526 Roma:
1287 519 1295 530 ‚
1317 498 1388 526 clam
1401 498 1566 536 depromito
1574 507 1660 526 voce:

1010 539 1074 567 Plus
1084 539 1210 568 Domino
1220 540 1300 576 Papae
1313 561 1319 570 ,
1342 549 1422 577 quam
1434 540 1509 567 Dom
1515 550 1550 567 no
1561 548 1643 577 pareo
1654 541 1734 575 Papae
1744 556 1754 564 .

964 579 1022 607 Ubi
1037 579 1186 617 (ignificare
1196 581 1345 608 Damiauus
1358 580 1492 612 voluerat,
1503 580 1578 618 quod
1590 579 1676 618 magis
1686 578 1750 606 Hil-

962 620 1112 649 delbranclo
1134 642 1141 652 ,
1165 624 1177 653 (
1196 620 1241 659 qui
1261 629 1373 658 propter
1392 621 1447 657 ejus
1467 620 1614 659 singulares
1635 620 1753 648 virtutes

962 660 1177 698 prxdominium
1198 671 1227 688 in
1238 660 1404 688 Pontificem
1425 659 1537 689 habebat
1550 665 1562 693 )
1581 660 1693 690 obedire
1704 669 1751 687 co<

961 701 1075 739 gebatur
1086 721 1093 732 ,
1117 710 1197 738 quam
1218 701 1326 738 ipsimet
1335 702 1451 729 Domno
1462 701 1594 731 Pontifici
1602 713 1612 732 5
1634 700 1688 729 hoc
1710 709 1751 727 ti-

962 752 1027 770 men
1039 741 1102 770 ideo
1125 741 1223 769 luserat
1234 763 1240 773 ‚
1264 742 1327 779 quia
1336 743 1496 771 Alexander
1504 745 1573 780 Pipa
1584 744 1624 771 ΙΙ.
1636 741 1750 769 faculta-

960 791 1017 811 tem
1026 781 1165 811 Daniiano
1183 782 1296 810 dedet-:t
1315 782 1474 812 discedendi
1484 783 1592 810 aCurio.
1608 804 1614 815 ,
1638 780 1687 819 qui
1705 780 1749 808 ni-

961 821 1113 851 hilominus
1122 821 1187 859 juss'u
1202 822 1397 851 Hildelbmndi
1409 823 1584 851 detinebatur
1595 835 1601 850 ;
1622 822 1749 859 idemque

960 864 994 892 de
1014 865 1103 901 Papa,
1126 867 1153 892 δ(
1166 863 1368 893 Hildelbrando
1385 865 1417 892 in
1433 865 1490 892 alio
1507 861 1611 892 lusorio
1629 861 1749 892 disticho

958 904 1018 933 haec
1030 904 1133 932 cecinit
1145 924 1155 932 .

1001 947 1100 983 Papam
1111 945 1164 973 rite
1174 947 1237 974 colo
1248 967 1256 979 ‚
1279 946 1324 975 sed
1335 957 1363 975 te
1374 946 1523 985 prostratus·
1531 945 1617 974 adoro
1629 956 1637 975 ς

999 988 1040 1014 Tu
1051 985 1112 1014 sacis
1123 985 1197 1014 hunc
1208 987 1362 1015 Dominum
1374 1009 1381 1020 ‚
1393 996 1419 1015 te
1432 986 1495 1015 facit
1506 986 1564 1025 ipse
1576 989 1669 1016 Deum
1680 1006 1687 1013 .

959 1027 1048 1061 Quam
1066 1025 1210 1055 historiam
1228 1028 1333 1056 uberius
1353 1030 1452 1056 Baron.
1472 1028 1524 1055 loc.
1545 1028 1593 1055 cit.
1615 1038 1642 1054 n.
1653 1037 1666 1064 3
1678 1037 1700 1054 ι.
1719 1029 1748 1053 δε

960 1066 1036 1105 seqq.
1046 1076 1148 1095 narrat.
1158 1068 1263 1096 Merito
1274 1069 1360 1107 igitur
1371 1069 1517 1097 Zabarcllx
1529 1089 1537 1100 ‚
1560 1071 1587 1096 δε
1606 1067 1750 1096 adhxren-

959 1107 1028 1135 tium
1046 1107 1146 1144 opinio
1157 1129 1164 1140 ‚
1188 1117 1317 1147 tanquam
1335 1107 1474 1137 somnium
1485 1131 1492 1141 ,
1515 1113 1543 1137 δε
1566 1108 1651 1136 sabula
1661 1118 1674 1135 a
1685 1109 1746 1135 Go-

957 1148 1042 1176 inesio
1055 1148 1105 1175 loc.
1115 1148 1162 1175 cit.
1174 1149 1298 1183 rejicitur
1309 1169 1316 1176 .
1338 1149 1575 1187 Respondendum
1584 1147 1706 1176 secundo
1715 1147 1749 1175 ad

956 1187 1100 1216 secundam
1109 1188 1283 1226 opinionem,
1295 1190 1369 1227 quod
1380 1191 1405 1219 S.
1417 1190 1514 1218 Levita.
1524 1189 1682 1230 Laurentiue
1695 1191 1748 1216 Ar-

957 1227 1135 1257 chidiaconus
1147 1229 1172 1257 S.
1185 1231 1221 1258 R.
1233 1233 1262 1258 E.
1276 1230 1362 1258 fiicrzt
1372 1253 1380 1263 ,
1403 1234 1430 1259 ἃ·
1441 1241 1499 1258 non
1511 1228 1707 1261 cancellarius,
1720 1233 1749 1257 ὃς

956 1278 1085 1308 tanquam
1098 1268 1316 1299 Archidiaconus
1335 1271 1367 1299 ad
1379 1271 1458 1299 illum
1475 1270 1607 1309 spestabat
1619 1269 1744 1299 Ecclefiae

957 1311 1115 1339 oeconomia
1128 1332 1134 1343 ,
1159 1314 1185 1339 ὃ(
1199 1322 1257 1339 non
1268 1312 1441 1340 Cancellarirt
1449 1333 1457 1344 ‚
1480 1321 1510 1339 ut
1521 1310 1609 1340 visum
1620 1311 1658 1339 cll:
1668 1309 1748 1348 supra

957 1351 988 1378 in
1008 1351 1072 1379 dzet.
1090 1351 1314 1380 Archtdiaconus
1326 1373 1333 1379 .
1356 1351 1592 1390 Respondcndum
1611 1351 1696 1379 tertio
1716 1351 1750 1379 ad

957 1393 1065 1420 tei-tiam
1076 1391 1242 1430 opinionem
1255 1413 1263 1426 ,
1287 1403 1346 1430 quae
1368 1393 1406 1421 est
1418 1391 1591 1422 Cassanaeiin
1608 1392 1748 1429 Catalogo

956 1434 1037 1462 Glor.
1049 1433 1125 1460 Mun.
1139 1443 1194 1471 par.
1207 1445 1234 1466 7¹
1244 1433 1346 1462 consid.
1359 1444 1384 1463 7.
1397 1437 1423 1462 ὅ(
1435 1433 1551 1462 aliorum
1560 1453 1568 1465 ‚
1580 1443 1648 1471 quos
1659 1431 1749 1470 sequi-

957 1484 1001 1502 tur
1011 1474 1093 1502 etiam
1104 1475 1209 1502 Gomes
1220 1475 1272 1502 loc.
1283 1474 1328 1501 cit.
1342 1474 1424 1510 Quod
1434 1485 1496 1502 cum
1508 1483 1601 1502 omnes
1612 1473 1750 1502 (jardina-

956 1515 1024 1542 ling²
1045 1514 1115 1543 Sacri
1135 1514 1259 1553 Collegii
1270 1514 1433 1552 Dignitates
1454 1515 1506 1543 lint
1526 1514 1650 1543 Ecclesh:
1671 1513 1725 1542 Dei
1739 1534 1749 1545 ‚

955 1558 1028 1591 cujus
1041 1554 1164 1582 vicarius
1175 1555 1213 1583 est
1223 1554 1294 1583 solus
1305 1557 1385 1592 Papa5
1397 1554 1462 1582 hinc
1475 1566 1531 1583 non
1542 1554 1652 1582 videtur
1661 1554 1750 1592 qualis

959 1596 991 1624 fit
1003 1598 1092 1631 major
1099 1595 1187 1627 ratio,
1211 1606 1257 1623 cur
1269 1596 1375 1623 dicatur
1393 1601 1485 1630 Major
1496 1598 1729 1624 Poenitenttartus
1741 1614 1749 1626 ‚

955 1640 982 1664 &
995 1646 1050 1664 non
1061 1636 1355 1674 Vicepoenitentiarius
1367 1647 1374 1666 5
1385 1639 1564 1663 Camerarius
1574 1635 1750 1668 Cardinalis,

956 1680 983 1704 ὃ(
995 1687 1052 1704 non
1062 1677 1309 1706 Vicccrime1⁴.ii¹ius;
1332 1676 1556 1704 Archtdiaconus
1570 1697 1577 1707 ‚
1588 1678 1615 1703 ὅ(
1626 1685 1684 1703 non
1695 1675 1747 1703 Vi—

956 1716 1192 1745 cearchidiaconus
1201 1739 1208 1750 ,
1234 1720 1261 1744 ὅ(
1273 1716 1307 1744 sic
1321 1716 1355 1744 de
1364 1715 1476 1754 singulis
1486 1737 1494 1749 ,
1506 1726 1566 1744 cum
1579 1725 1674 1744 omnes
1688 1714 1746 1743 istae

958 1757 1117 1796 Dignitates
1137 1757 1166 1784 in
1184 1757 1357 1795 plenitudine
1367 1756 1509 1795 potestatis
1518 1758 1596 1794 Papae
1617 1756 1748 1793 primario

958 1798 1093 1826 resideant
1103 1820 1110 1831 ‚
1122 1802 1149 1826 δε
1159 1807 1192 1826 eo
1207 1797 1302 1825 fortius
1315 1797 1348 1826 de
1360 1797 1461 1833 Majori
1471 1796 1747 1834 Poenitentim·io,qui

960 1842 1089 1875 majorem
1103 1860 1110 1870 ,
1134 1841 1160 1866 ὃ(
1170 1837 1340 1877 spiritualem
1350 1838 1511 1876 potestatem
1520 1846 1628 1865 exercet
1639 1857 1647 1870 ‚
1668 1846 1750 1875 quem

961 1879 1212 1907 Vicecancellarius
1221 1900 1229 1911 ,
1239 1888 1319 1916 atque
1333 1877 1553 1907 Archidiaconus
1564 1899 1571 1910 ,
1593 1877 1640 1916 qui
1658 1877 1748 1906 latine

962 1920 1080 1957 primum
1092 1919 1247 1947 ministrum
1261 1919 1386 1947 Ecclesiae
1406 1917 1487 1946 sonat
1498 1940 1505 1951 ,
1528 1922 1555 1946 ὅ(
1567 1917 1697 1946 tamenin
1709 1918 1750 1945 ri-

959 1970 1026 1999 gore
1038 1959 1139 1998 primus
1150 1960 1274 1988 minister
1284 1959 1406 1988 Eccleiie
1420 1959 1475 1987 Dei
1484 1959 1598 1998 ipsemet
1607 1957 1745 1987 Pontifex

958 2001 996 2029 est
1007 2021 1014 2027 .
1035 2002 1073 2034 :llss
1094 2002 1163 2029 Haec
1174 2000 1260 2038 igitur
1271 2000 1366 2028 ultima
1376 1999 1475 2037 opinio
1487 2000 1572 2038 magis
1581 1999 1728 2038 allegorica
1738 2008 1752 2032 ‚'

959 2051 1040 2079 quam
1060 2051 1121 2069 vera
1132 2063 1140 2073 ‚
1163 2045 1189 2069 &
1209 2042 1286 2068 realis
1297 2040 1353 2071 est5
1376 2039 1406 2067 in
1419 2039 1544 2069 Archivo
1560 2040 1635 2068 enim
1646 2039 1749 2068 nostrae

960 2081 1135 2111 cathedralis
1144 2080 1324 2109 Vitcrbicniis
1335 2090 1446 2119 egomet
1457 2081 1514 2120 legi
1524 2081 1672 2110 nonnullas
1689 2081 1750 2108 bul-

960 2123 998 2151 las
1016 2121 1214 2150 consistoriales
1224 2143 1231 2154 ‚
1253 2131 1332 2159 atque
1354 2121 1503 2160 originales
1520 2121 1683 2151 Innocentii
1706 2123 1749 2150 ΙΙ.

961 2167 988 2191 ὅ(
1001 2164 1059 2192 ΙΙΙ.
1068 2162 1219 2191 Alexandri
1229 2163 1281 2190 IV.
1290 2165 1318 2190 δ(
1327 2162 1443 2190 aliorum
1452 2163 1620 2191 Pontificum
1629 2162 1749 2201 propriis

961 2213 1057 2232 eorum
1069 2225 1076 2235 ,
1099 2207 1126 2231 ὅ(
1138 2202 1330 2230 Cardimhum
1350 2203 1470 2230 manibus
1489 2203 1607 2232 firmatas
1626 2213 1688 2231 cum
1697 2202 1746 2230 hac

962 2242 1159 2281 subscriptione
1175 2243 1275 2271 ultimo
1294 2242 1357 2271 loco
1375 2253 1485 2272 notata:
1509 2249 1619 2272 Datum
1627 2251 1675 2280 per
1685 2253 1748 2270 ma-

961 2295 1014 2312 nus
1024 2289 1058 2312 N.
1071 2284 1234 2311 Cardmalis
1252 2289 1276 2312 S.
1289 2288 1321 2313 R.
1331 2289 1364 2312 E.
1376 2285 1546 2313 Cam-ellarii
1558 2306 1565 2312 .
1590 2286 1646 2312 FR-
1665 2283 1748 2320 Legi-

961 2334 1018 2352 mus
1028 2324 1110 2352 etiam
1122 2334 1203 2361 penes
1215 2324 1362 2352 Baronium
1374 2346 1381 2357 ‚
1404 2335 1448 2352 an.
1464 2334 1547 2360 ¹054·
1559 2335 1585 2352 n.
1603 2335 1625 2352 1.
1638 2323 1749 2352 federi-

962 2374 1024 2394 cum
1041 2363 1168 2395 Goffrcdi
1187 2364 1304 2395 Etruriae
1324 2365 1412 2394 Ducis
1429 2365 1542 2394 fratrem
1558 2376 1572 2393 a
1592 2366 1686 2393 Leone
1696 2364 1748 2394 lx.

1652 2407 1706 2432 Ar-
