1866 2526
399 25 440 68 A
471 23 509 68 Ε
703 9 706 13 ’
744 3 764 21 ”’

39 88 129 120 Urbis
146 83 273 126 Imperio
284 105 294 118 ,
315 83 412 114 utilius
423 105 431 117 ‚
453 81 598 122 aptiusque
615 78 687 110 mihi
705 77 815 124 videtur
827 100 836 111 ,

49 129 168 160 :bannis
184 125 343 158 Dominicae
361 122 567 154 Incarnationis
587 120 791 161 supputationis
802 121 835 149 li-

44 178 124 200 neam
132 169 268 199 deducere
277 185 286 195 .
309 169 322 199 1
336 167 425 196 Notat
432 163 529 195 Glossa
539 163 570 193 in
587 173 694 192 extrav.
705 173 763 203 cap.
773 162 836 191 uni·

47 222 82 240 co
92 232 101 244 ‚
122 211 158 240 de
177 210 286 239 summa
300 206 403 238 Trinit.
424 205 569 236 Pomificis
588 205 680 234 datam
699 205 730 233 ab
741 206 836 234 Incar-

43 252 158 282 natione
166 248 422 279 immemorabiliter
432 247 464 277 in
482 245 531 275 usu
543 244 596 275 ess'e
607 268 614 279 ,
636 246 766 285 congesta
777 255 834 284 per.

38 291 162 322 Glosslin
173 291 316 321 Clement.
327 289 362 318 de
372 290 482 318 Summa
491 286 538 318 Tri
543 288 594 316 nit.
603 288 628 319 ξ.
639 291 679 316 Ex
690 297 816 326 tempore
827 295 835 316 3

44 333 92 363 scd
111 332 291 362 Bonomenfis
312 329 462 361 Academia
478 329 568 368 postea
598 329 791 357 introduxerat
821 337 836 355 a

46 373 207 403 Nativitate
225 371 456 412 subscriptionem
468 393 475 404 ‚
499 369 609 399 lbrtasse
626 379 657 398 ea
670 369 782 398 inducta
793 379 835 397 ra-

44 416 134 448 tione,
144 413 220 453 quod
230 423 374 452 computus
384 412 416 440 ab
425 411 620 440 Incatnatione
632 421 746 444 ‚novem
757 420 834 438 men-

40 456 82 485 ses
101 454 244 494 postponit
262 453 372 483 Christi
386 453 460 481 aetati
470 475 478 485 ‚
501 463 530 481 ut
540 462 638 481 notant
656 451 755 480 Baldus
775 451 805 479 in
815 451 834 478 l.

39 506 134 535 nuPtae
144 517 153 529 ‚
174 496 201 527 ξ.
213 496 357 525 Senatores
368 515 375 526 ‚
397 492 424 522 ff.
435 494 469 521 de
480 494 604 522 Senator.
615 493 728 522 Aretin.
737 491 834 520 consil.

39 549 56 571 7
66 549 89 566 ι.
99 535 156 566 visa
165 537 200 565 ad
208 536 292 565 finem
304 557 310 563 .
334 537 370 564 In
380 534 559 563 calculatione
580 543 647 563 vero
667 543 681 561 a
690 533 834 562 Nativita-

39 588 70 607 te
80 599 88 611 ,
110 577 190 606 unica
209 586 318 605 tantum
329 576 387 604 dies
397 596 406 608 ,
428 575 459 603 in
477 585 529 614 qua
542 585 619 603 natus
636 573 675 602 est
685 573 813 603 Christus
826 594 832 605 ‚

43 619 201 647 excluditur
211 639 218 652 2
241 618 260 646 l.
272 628 286 646 a
298 616 431 656 Caligato
445 637 455 649 ‚
476 618 513 645 C.
522 616 557 644 dc
567 615 689 653 nuptiis:
703 616 758 649 1121:
770 615 833 643 Hoc

42 669 137 688 tamen
146 659 309 687 vocabulum
328 657 357 685 in
366 666 466 685 neutro
477 666 579 695 genere
590 678 598 689 ‚
620 659 650 685 δε·
667 655 767 694 plurali
784 665 835 683 nu-

41 710 120 728 mero
131 700 203 738 apud
212 697 426 728 D-Ambrofium
436 697 558 725 debitum
568 697 739 725 contrastum
747 695 832 736 figni-

39 740 122 771 ficats
148 745 160 774 [
173 743 207 768 Et
218 739 311 778 gravis
320 748 373 766 ,ei-a
389 739 546 770 contraxit5
568 738 603 767 de
625 737 730 777 Joseph
742 759 751 771 ,
774 747 832 774 cap.

41 790 67 816 5.
79 784 91 813 ]
103 780 148 809 ubi
159 780 194 808 de
204 779 377 818 Protoplaste
386 779 510 817 loquitur
519 799 527 807 .
540 780 614 808 Item
625 780 744 817 pretium
753 777 833 806 sonat

39 820 188 860 aliquando
199 831 206 848 τ
217 820 252 848 sic
262 819 338 848 idem
348 821 457 848 1)οᾶοῐ
468 820 567 858 Judam
578 819 750 859 Magdalenae
761 829 833 847 mur-

39 871 193 890 murantem
206 870 301 900 argute
312 861 421 891 irridets
435 864 672 896 [Trecentorum(
681 861 833 900 inquiens)

39 913 92 931 :era
100 902 303 941 crucisinfigne
314 901 433 931 declarat
444 923 452 935 ,
474 901 521 930 lib.
543 909 570 931 6.
591 902 621 930 in
632 903 752 935 Lucam,
774 911 831 939 cap.

41 947 67 972 8.
78 946 90 975 ]
104 943 216 972 Alludit
226 943 260 971 ad
270 943 388 981 primam
406 942 528 971 litteram
546 943 678 971 dictionis
687 949 833 973 Trecento-

39 995 104 1012 rum
115 1005 123 1016 ‚
139 994 206 1023 quae
227 983 260 1012 ad
269 984 385 1013 modum
392 984 479 1012 crucis
501 983 651 1012 formatur.
675 983 749 1012 Vide
769 988 833 1012 Au-

38 1035 101 1052 reus
117 1034 248 1053 numerus
261 1045 268 1056 ,
291 1027 396 1061 Ερμῆ-α
407 1044 416 1056 ,
436 1025 554 1053 Ιηᾰὶῖὲὶο
567 1044 575 1052 .
598 1024 672 1054 AEra
691 1023 832 1052 Mahume-

42 1074 172 1092 ranorum
181 1084 189 1092 .
209 1063 283 1093 Vide
293 1068 397 1102 Hegim
406 1083 413 1090 .
427 1064 501 1094 AEra
510 1065 603 1103 planta
613 1065 699 1103 qualis
709 1065 742 1093 (it
753 1085 760 1093 .
781 1064 834 1093 Vi-

41 1105 75 1132 de
86 1107 216 1134 Zizania
225 1123 232 1131 .

3 1144 149 1174 AEitA'rus
159 1145 257 1175 Oanis
269 1163 276 1171 .
289 1145 346 1174 FR-
355 1143 460 1173 scutum
470 1164 478 1172 .
503 1147 589 1180 [Rex
607 1144 730 1176 locutus;
754 1144 834 1174 Licet

42 1186 134 1224 pestus
144 1194 236 1214 meum
244 1184 330 1213 lorica
351 1184 400 1212 vix
419 1184 523 1214 deserat
534 1206 542 1218 ‚
565 1187 592 1213 ὅ(
603 1184 705 1215 affidue
723 1195 833 1214 manum

39 1226 112 1254 orbis
123 1235 219 1254 :eratus
227 1225 361 1258 includat,
372 1235 483 1254 necnon
493 1226 562 1254 latus
571 1226 676 1255 muniat
687 1225 751 1255 ferri
763 1237 833 1265 prae-

38 1266 136 1334 {idaim
147 1286 155 1294 .
178 1265 321 1295 Ennodius
340 1264 372 1294 in
397 1266 456 1295 vita
475 1269 507 1297 B.
526 1265 680 1307 Epiphanii
705 1266 833 1297 Ticinen.

37 1310 79 1345 Ep
103 1317 128 1334 c.

0 1348 140 1378 AExzona
152 1356 265 1376 moneta
274 1366 282 1374 ·
305 1346 380 1376 Vide
387 1349 540 1378 Talentum
551 1369 558 1376 .

1 1389 208 1418 AEROMANHA
219 1410 228 1422 ,
252 1386 326 1417 Vide
336 1390 542 1427 Hydromantia
552 1410 560 1418 .

0 1429 193 1459 AEsrmarun
206 1449 213 1457 .
237 1430 294 1458 PR.
314 1429 432 1467 Juridica
451 1430 613 1460 aestimatio.
636 1433 739 1463 Bullar.
755 1431 834 1462 Casi-

42 1479 106 1497 nen.
115 1478 182 1498 tom.
196 1482 223 1499 2.
233 1470 319 1498 const.
331 1477 380 1509 36.
390 1481 418 1500 n.
431 1479 458 1501 6.

3 1509 188 1540 AEsrivnzes
199 1531 207 1538 .
229 1510 304 1540 Vide
314 1517 386 1540 Rota
396 1532 403 1539 .
425 1513 525 1543 AEstus
536 1513 616 1544 maris
626 1536 634 1543 .
659 1513 733 1544 Vide
745 1515 813 1542 Lea'o
823 1533 830 1540 .

41 1549 156 1578 AEstiva
165 1560 245 1580 coena
256 1570 264 1578 ·
288 1552 362 1580 Vide
371 1553 515 1583 Thamnus
526 1575 533 1582 .

2 1589 16 1605 ‘’‘
37 1589 141 1618 AEras
153 1609 161 1617 .
183 1591 259 1620 Cum
283 1602 491 1634 nonnumquam
510 1595 545 1623 de
562 1600 652 1624 atatis
665 1593 826 1634 praerogati-

44 1640 79 1658 va
89 1630 162 1659 inter
172 1630 324 1670 Episcopus
342 1631 511 1664 suboriretur
529 1635 694 1675 disceptatio
707 1658 715 1669 ‚
734 1637 828 1664 divet-

41 1669 77 1698 sae
89 1681 104 1699 a
114 1671 236 1700 Patribus
246 1671 395 1710 Africanis
405 1675 435 1703 in
445 1675 516 1704 hanc
527 1687 582 1705 rem
595 1678 669 1715 leges
690 1677 753 1706 latae
774 1675 830 1704 fite-

42 1721 90 1739 re.
112 1712 209 1741 Primo
228 1713 361 1751 quidem,
385 1725 415 1743 ut
432 1718 607 1751 matricula,
630 1716 676 1745 seu
697 1717 830 1746 archivus

43 1761 101 1780 tum
120 1752 152 1780 in
163 1753 280 1782 Ecclefia
300 1754 447 1790 Primatis‚
470 1766 528 1784 tum
548 1757 578 1785 in
589 1757 742 1796 Metropoli
762 1759 832 1786 Pro-

45 1791 145 1821 vinciae
155 1793 346 1823 adservaretur
356 1817 364 1828 ,
377 1797 481 1825 Concil.
492 1798 621 1826 Milevit.
631 1809 654 1826 c.
668 1803 714 1827 86.
725 1807 756 1826 ut
766 1798 831 1836 Epi-

43 1830 119 1876 scopi
127 1834 345 1864 consecrationis
355 1835 409 1866 suae
429 1847 537 1876 tempus
557 1838 745 1868 demonstrare
767 1839 830 1867 inde

44 1873 167 1916 pollent.
190 1877 367 1911 Secundum,
399 1879 514 1917 quilibet
543 1879 692 1919 Episcopus
715 1879 831 1918 epistola

42 1913 227 1957 ordinationis
247 1917 447 1948 abOrdinante
464 1918 632 1958 subscripta,
654 1931 784 1959 annoque
804 1925 831 1949 ἀ

45 1954 93 1982 die
111 1955 324 1999 consecrationis
344 1959 426 1997 ipsius
447 1960 570 2000 signata,
593 1963 667 1990 idem
686 1973 708 1989 c.
726 1972 769 1996 ¹4·
788 1961 831 1989 in-

43 1995 158 2024 struatis
167 1997 218 2024 esse
234 1998 345 2027 debebat
356 2019 363 2026 .
386 2001 485 2031 Tertio
498 2023 506 2034 ,
528 2012 625 2030 omnes
638 2001 768 2040 Episcopi
787 2002 830 2030 lo-

42 2045 106 2079 cum
124 2045 256 2080 occupare
274 2039 406 2070 debebant
424 2040 573 2070 secundum
592 2051 702 2071 atatem
723 2043 776 2076 (ab
785 2053 830 2071 or-

44 2076 216 2111 dinatioms‚
239 2089 297 2108 non
313 2091 328 2109 a
345 2082 499 2121 nativitatis
521 2093 649 2122 ternpore
667 2094 829 2122 computan-

44 2116 132 2162 dam)
153 2128 236 2157 atque
247 2119 285 2148 ita
293 2118 405 2156 sedere,
424 2122 552 2163 suffragia
564 2124 635 2153 ferre
646 2146 654 2158 ,
679 2128 705 2154 δ(
717 2125 831 2154 nomina

34 2156 88 2186 ⁴suri
98 2168 128 2187 in
136 2159 271 2189 Concilio
281 2159 445 2201 subscribere
456 2175 463 2191 :
486 2174 547 2203 quae
557 2165 603 2193 lex
617 2166 714 2194 nonin
726 2165 831 2203 Africa

42 2206 148 2241 tautum
159 2221 168 2233 ‚
191 2201 230 2228 id.
240 2211 262 2229 c.
282 2211 323 2239 ¹3·
335 2200 383 2231 sed
391 2204 552 2234 inomnibus
568 2206 683 2245 reliquis
704 2206 830 2235 Ecclefiis

41 2247 56 2265 a
67 2238 181 2270 diversis
202 2240 254 2270 suit
263 2241 381 2271 stabilita
396 2245 535 2274 Conciliis
546 2267 554 2279 ‚
578 2251 659 2275 Cone.
679 2251 795 2275 Bracar.
806 2229 839 2276 Li

38 2289 65 2306 c·
79 2290 126 2315 24.
144 2283 230 2311 Tolet·
240 2283 295 2312 1v.
313 2294 337 2311 c.
349 2295 375 2319 4.
395 2286 621 2326 &CiviliLegi‚
645 2288 711 2315 Cod.
727 2272 839 2324 justins,

1183 18 1288 60 ΑΕ
1577 36 1626 74 27

893 75 1030 107 Primatus
1041 77 1074 106 ad
1084 74 1221 105 feruorem
1230 75 1334 105 solebat
1341 75 1457 105 devolvi
1470 99 1478 110 ,
1503 89 1536 107 ne
1547 79 1620 109 illius
1629 92 1674 112 ne-

891 118 996 157 glestio
1004 117 1194 146 confusionem
1203 116 1278 145 inter
1288 127 1334 146 eos
1343 127 1451 156 pareret
1461 137 1468 144 .
1482 119 1564 148 Adeo
1575 131 1605 151 ut
1615 126 1677 152 Aa.

886 160 1013 197 gustinus
1023 179 1030 191 ,
1055 162 1104 196 Ep.
1116 169 1131 187 2
1141 169 1183 189 ¹7·
1203 158 1237 186 ad
1257 158 1394 187 Viftorin.
1413 161 1577 189 maurinum
1597 168 1608 195 (
1629 164 1677 202 qui

890 200 1040 228 Primatem
1049 200 1186 228 Numidia
1205 197 1232 227 se
1251 200 1433 232 vendnbat)
1455 210 1514 229 eam
1534 203 1677 233 dumtaxat

890 240 925 271 ob
935 239 1038 269 causnm
1049 238 1266 278 reprehenderet
1276 262 1284 273 ,
1307 242 1383 279 quod
1404 243 1434 270 in
1444 245 1589 271 Trac'hria
1602 265 1610 276 ‚
1632 243 1677 273 scu

891 282 1004 319 epistola
1015 280 1058 309 suri
1069 280 1195 309 cimona
1214 281 1247 309 ad
1258 282 1420 311 Concilium
1430 285 1607 312 Provinciale
1627 296 1678 313 no-

892 322 967 350 mina
979 321 1177 360 Episcoporum
1186 324 1323 351 Numidia:
1335 323 1446 352 confuse
1458 324 1677 364 scripsci··t‚Au-

886 365 989 401 gust'ini
1007 373 1110 391 nomen
1130 363 1225 391 multis
1243 363 1302 391 alu>
1314 385 1322 397 ‚
1346 373 1425 394 atate
1444 365 1531 404 ipsum
1547 365 1677 406 super‘n-

890 403 959 432 tibus
970 425 978 437 ,
1001 403 1202 443 anteponendo
1214 415 1219 432 ε
1245 414 1305 443 quae
1318 415 1359 434 res
1371 427 1379 439 ‚
1399 410 1552 444 Augustino
1562 408 1677 447 quidem

889 445 1046 481 judicante,
1069 445 1126 474 istis
1138 444 1266 480 injuriosa
1279 455 1336 474 erat
1348 468 1356 479 ,
1381 447 1430 485 ipfi
1440 458 1529 477 autem
1551 449 1678 478 invidio-

889 484 916 514 sa
928 504 936 513 .
958 486 1040 515 Adeo
1048 485 1243 525 circumspe&e
1260 487 1424 525 providebat
1436 510 1443 521 ‚
1466 501 1500 519 ne
1518 491 1585 529 quid
1607 490 1678 519 sace-

889 536 932 554 rct
943 548 951 559 ‚
974 527 1049 566 quod
1061 526 1188 556 adversus
1198 527 1268 556 hanc
1278 528 1368 567 legem
1381 539 1502 569 pugnare
1514 532 1678 566 inderetur,

889 567 994 596 veritus
1007 589 1014 601 ‚
1037 578 1071 596 ne
1080 578 1133 607 qua
1144 568 1174 597 in
1186 568 1364 598 Eccleliarum
1381 572 1581 610 gubernatione
1601 571 1678 602 subo-

888 607 990 637 riretur
1001 609 1123 638 tonsuiio
1132 626 1151 638 .·
1166 611 1180 644 ΙΙ
1204 610 1291 638 Moris
1302 621 1360 639 erat
1371 611 1401 640 in
1412 613 1517 650 Africa
1537 614 1605 648 (ubi
1616 613 1679 643 Pri-

876 658 975 677 -uiatus
987 651 1270 694 Metropolitanorum
1289 650 1398 691 semper
1416 654 1550 694 migrabat
1568 656 1601 684 ad
1613 655 1678 694 Epi-

889 687 1003 728 scopum
1014 689 1152 720 seniorem
1162 713 1169 724 ,
1191 692 1227 720 ita
1237 702 1265 720 ut
1277 692 1322 721 hic
1333 703 1446 723 mortuo
1457 697 1574 726 Priniati
1587 696 1678 725 succe-

887 730 967 759 deret
977 753 984 764 ,
1007 732 1037 760 in
1047 742 1215 771 quacumque
1224 733 1335 763 dioeceii
1347 733 1439 764 sedem
1450 735 1524 764 suam
1542 737 1653 766 haberet
1665 742 1680 771 )

889 771 1054 810 Episcopum
1073 773 1284 813 delinquentem
1306 775 1403 813 punire
1416 798 1423 809 ,
1446 780 1586 816 privando
1612 788 1676 807 eum

887 821 977 841 atam
990 816 1173 853 praerogativa
1184 836 1192 847 ,
1216 818 1310 853 &jure
1321 817 1457 846 Primatus
1469 839 1478 850 ,
1500 818 1539 848 ita
1558 828 1588 848 ut
1600 817 1680 847 omni

887 855 943 889 ejus
952 854 1103 893 aliquando
1114 855 1286 894 adipiscendi
1298 855 1346 895 spe
1358 857 1524 894 dejiceretur
1534 880 1541 888 .
1564 859 1630 889 Hoc
1648 861 1679 888 ab

893 897 1048 932 Augustino
1057 902 1105 934 Ep.
1117 904 1184 926 261.
1196 897 1323 926 discimus
1334 921 1342 931 ‚
1362 899 1409 937 qui
1420 900 1578 939 exemplum
1598 899 1679 929 exhi-

886 934 931 963 bet
941 935 970 964 in
980 937 1100 975 quodam
1109 939 1201 975 Prisco
1212 959 1220 972 ‚
1242 939 1400 969 Provinciae
1421 942 1591 980 Casarimfis
1612 942 1679 980 Epi-

888 974 972 1015 scopo
982 999 989 1010 ,
1013 978 1062 1016 qui
1082 978 1136 1007 hoc
1156 980 1240 1008 modo
1260 981 1373 1019 punitus
1391 981 1423 1010 {it
1444 984 1548 1021 quique
1561 1004 1568 1015 ,
1590 993 1620 1011 ut
1641 984 1678 1011 ait

887 1019 1060 1054 Augustinus
1070 1020 1118 1048 loc.
1133 1023 1181 1048 cit.
1192 1020 1309 1049 clamare
1320 1022 1464 1060 potuist‘et:
1488 1030 1500 1058 (
1512 1024 1531 1053 si
1551 1023 1619 1062 quid
1636 1034 1677 1052 ar-

888 1067 1052 1101 gumentum
1062 1064 1183 1090 Antonii
1195 1082 1202 1094 ,
1212 1061 1324 1090 alterius
1336 1063 1467 1102 Episcopi
1475 1065 1505 1093 in
1514 1063 1619 1103 Africa
1627 1075 1678 1103 pu-

888 1107 942 1125 niti
953 1119 961 1131 ,
984 1099 1107 1128 valuifl'et
1119 1104 1130 1133 )
1153 1106 1218 1131 Aut
1227 1103 1266 1131 ad
1275 1106 1436 1133 Primatum
1446 1105 1520 1134 locus
1530 1127 1537 1138 ,
1556 1104 1630 1142 ficut
1639 1117 1681 1134 ce-
1705 1112 1708 1113 ⁷

888 1141 957 1167 teris
969 1160 977 1172 ‚
1000 1140 1035 1174 ό·
1043 1141 1114 1169 mihi
1121 1150 1217 1179 patere
1227 1143 1324 1172 debuit
1334 1155 1345 1177 ,⁴
1356 1155 1409 1173 aut
1419 1147 1595 1183 Episcopatus
1608 1147 1681 1174 mihi

889 1189 1029 1210 remanere
1039 1193 1092 1211 non
1102 1183 1200 1210 debuit
1209 1202 1217 1210 .
1240 1184 1256 1218 11
1266 1186 1351 1213 Poena
1360 1195 1418 1213 erat
1438 1184 1560 1220 ejusdem
1570 1186 1680 1224 prorsus

887 1220 997 1263 generis
1009 1243 1018 1255 ‚
1041 1226 1115 1259 cujus
1128 1244 1136 1256 ,
1160 1233 1298 1262 tamquam
1308 1226 1434 1254 omnibus
1444 1227 1621 1256 clericorum
1634 1237 1681 1255 or-

887 1260 996 1290 dinibus
1005 1265 1162 1302 generatim
1174 1264 1266 1305 infligi
1277 1265 1365 1295 solitae
1378 1289 1387 1301 ‚
1409 1268 1574 1297 Concilium
1595 1268 1682 1298 Trul-

887 1301 986 1331 lanum
999 1325 1006 1336 ‚
1029 1316 1051 1333 ε.
1063 1317 1090 1338 7.
1101 1305 1232 1335 meminit
1244 1327 1250 1335 .
1275 1308 1344 1342 Quae
1357 1308 1386 1337 in
1396 1318 1429 1336 eo
1438 1309 1600 1339 consistebat
1616 1331 1624 1343 ,
1648 1319 1681 1339 ut

890 1347 981 1372 atatis
993 1347 1175 1385 praerogativa
1196 1347 1358 1385 punirentur
1369 1350 1380 1382 ξ
1399 1353 1427 1378 &
1448 1351 1481 1378 ad
1492 1350 1616 1379 infimam
1638 1349 1680 1378 se-

887 1385 1029 1418 dem,s1ve
1045 1388 1159 1426 gradum
1171 1388 1244 1416 inter
1254 1389 1373 1428 reliquos
1383 1389 1424 1418 sui
1433 1391 1541 1420 ordinis
1552 1391 1684 1420 Clericoe

889 1426 1075 1464 dejicerentur
1085 1448 1092 1456 .
1115 1430 1185 1458 Haec
1196 1430 1357 1470 plerumque
1377 1431 1584 1460 ambitiosorum
1597 1437 1624 1461 δ(
1636 1443 1681 1460 ar-

886 1469 1045 1506 rogantium
1054 1480 1137 1508 poena
1147 1480 1205 1499 crat
1216 1492 1223 1499 .
1246 1471 1410 1500 Concilium
1428 1473 1462 1502 de
1475 1473 1538 1510 *illis
1557 1473 1682 1511 loquitur

888 1508 1023 1537 Diaconis
1034 1532 1041 1543 ,
1065 1512 1113 1550 qui
1124 1522 1209 1550 quum
1227 1512 1256 1540 in
1267 1511 1521 1542 honorificentiore
1532 1513 1626 1552 aliquo
1638 1511 1681 1542 es-

887 1547 948 1577 sent
960 1551 1055 1579 officio
1064 1553 1244 1582 eccleliastico
1256 1574 1264 1586 ‚
1285 1554 1511 1589 Presbyterorum
1530 1555 1620 1583 locum
1632 1565 1682 1587 oc-

883 1599 981 1628 cupare
994 1613 1001 1623 ,
1025 1596 1052 1621 &
1064 1603 1126 1622 ante
1137 1604 1182 1623 eos
1202 1593 1297 1623 sedere
1315 1595 1465 1626 audebant,
1488 1605 1587 1623 contra
1611 1605 1683 1633 quos

891 1633 1046 1669 parabolam
1058 1635 1167 1674 adlegat
1188 1635 1341 1664 Servatoris
1359 1647 1366 1663 .·
1388 1637 1510 1677 Quando
1529 1639 1679 1665 invitatus

886 1670 978 1710 fueris
988 1676 1025 1702 ad
1042 1679 1156 1714 nuptias
1168 1697 1176 1709 ‚
1199 1687 1226 1708 7.
1237 1677 1342 1705 Auctor
1352 1677 1588 1712 Constitutionum
1608 1680 1682 1714 Apo-

880 1715 1044 1750 stolicamm
1057 1715 1179 1754 ejusdem
1199 1726 1290 1755 poenae
1313 1717 1442 1744 meminit
1454 1738 1461 1750 ,
1483 1726 1621 1754 tamquam
1632 1716 1682 1746 suo

889 1764 1015 1793 tempore
1036 1757 1119 1785 etiam
1141 1758 1214 1785 inter
1233 1756 1306 1795 ipsos
1327 1757 1411 1785 laicos
1431 1757 1532 1786 ufimrae
1544 1778 1551 1784 .
1574 1758 1649 1786 Nam
1659 1757 1681 1787 fi

886 1796 946 1834 quis
957 1795 1148 1826 honoratusin
1165 1798 1419 1837 congregationem
1442 1798 1552 1827 veniret
1567 1820 1574 1831 ‚
1598 1808 1681 1836 pere-

886 1836 982 1875 grinus
991 1835 1120 1869 scilicet;
1144 1841 1171 1867 δ(
1183 1839 1281 1877 aliquis
1300 1839 1421 1867 monitus
1441 1850 1454 1867 a
1473 1839 1604 1868 Diacono
1617 1861 1624 1872 ‚
1647 1849 1679 1868 ut

886 1876 1056 1906 honoratum
1067 1879 1147 1907 illum
1158 1877 1252 1908 sedere
1263 1880 1363 1908 fineret
1375 1901 1383 1912 ‚
1405 1880 1467 1908 loco
1478 1878 1570 1908 sedere
1582 1889 1681 1909 renue-

885 1927 927 1946 ret
939 1930 947 1949 5
972 1921 1126 1948 movendus
1135 1924 1162 1949 δε
1175 1920 1234 1958 post
1243 1930 1339 1948 omnes
1361 1920 1546 1948 amandandus
1569 1930 1628 1949 erat
1649 1921 1679 1950 in

886 1959 1001 1988 Ecclesia
1014 1971 1020 1990 ;
1045 1963 1132 1997 const.
1147 1963 1237 1998 Apost.
1250 1961 1267 1988 1.
1281 1973 1305 1989 2.
1318 1972 1341 1988 c.
1357 1965 1401 1996 58.
1415 1961 1545 1990 Eamdem
1566 1961 1681 1990 consue*

886 1999 1012 2028 tudinem
1023 2000 1194 2029 observatam
1205 2002 1278 2029 inter
1288 2001 1440 2030 Monachos
1449 2000 1578 2030 discimus
1592 2002 1622 2030 in
1632 2013 1675 2031 re·

885 2040 958 2079 gulis
976 2047 1019 2070 SS.
1035 2043 1174 2070 Pachomit
1188 2064 1194 2074 ,
1217 2046 1245 2070 ὅ(
1267 2043 1410 2071 Benedzc‘h
1420 2052 1535 2081 propter
1557 2042 1680 2072 leviores

888 2079 1052 2110 offensiones
1063 2103 1070 2110 .
1095 2086 1128 2110 Et
1140 2082 1168 2109 in
1178 2082 1313 2110 Concilio
1323 2088 1430 2111 Nacaeno
1449 2082 1571 2112 secundo
1582 2105 1590 2116 ,
1613 2094 1636 2112 c.
1654 2093 1680 2120 5.

890 2121 986 2150 similis
997 2123 1090 2161 regula
1101 2123 1135 2151 ad
1147 2122 1328 2162 corrigendos
1339 2123 1467 2152 Clerico's
1479 2134 1555 2152 extat
1566 2145 1573 2156 ,
1589 2125 1619 2153 in
1628 2134 1681 2163 qua

883 2162 1016 2193 definitur
1027 2184 1035 2196 ,
1058 2164 1116 2192 utfi
1128 2164 1187 2202 quis
1204 2173 1368 2202 arroganter
1387 2164 1471 2193 elatus
1489 2163 1612 2203 insurgat
1633 2165 1680 2194 ad-

883 2202 979 2232 .versus
989 2205 1056 2232 alios
1068 2226 1076 2237 ,
1099 2205 1133 2232 ad
1145 2203 1270 2232 infimum
1281 2203 1322 2232 sui
1333 2205 1442 2234 ordinis
1451 2205 1566 2245 gradum
1585 2206 1681 2234 detru-

884 2243 963 2273 datur
975 2266 983 2278 ‚
1007 2245 1042 2274 ad
1052 2243 1211 2274 discendam
1224 2244 1253 2273 in
1263 2245 1380 2275 statione
1400 2245 1447 2275 sua
1457 2246 1545 2275 animi
1565 2245 1680 2275 submis-

884 2285 989 2314 fionem
998 2305 1007 2313 .

39 2319 63 2347 J.
78 2330 101 2348 ι.
123 2324 171 2350 tit.
180 2333 208 2359 4.
225 2334 249 2352 c.
261 2335 308 2360 29.
328 2327 507 2361 asustim'ano
517 2328 691 2367 Imperatore
709 2325 1042 2357 inserta:¹AETERN1TAs
1054 2348 1062 2359 ,
1084 2335 1169 2364 quare
1178 2326 1210 2354 ab
1228 2324 1385 2356 hominibus
1399 2337 1534 2356 mereatur
1556 2326 1587 2356 in
1606 2336 1679 2367 prx-

39 2360 96 2391 Scd
107 2362 233 2395 omnium
243 2364 440 2396 accuratiffime
449 2367 480 2396 in
490 2367 596 2407 Africa
606 2367 750 2399 observata
757 2389 766 2403 ,
785 2365 840 2429 ubil

883 2367 969 2396 mium
981 2388 989 2402 ,
1013 2367 1109 2397 sivein
1118 2377 1228 2405 poenam
1238 2387 1245 2396 .
1269 2368 1343 2398 Vide
1353 2367 1498 2408 Infernmn
1509 2388 1516 2397 .
1538 2368 1678 2403 AEterna.

1609 2419 1634 2437 ri
