1866 2526
64 108 70 115 ⁴
90 113 317 157 pesiiorpienns.
340 111 468 151 offae&
481 113 510 142 in
523 111 625 142 stabuio
636 111 655 141 fi
667 111 731 142 eires
742 133 751 146 ,
775 109 899 142 nonaiio

39 148 45 156 ⁵
93 159 224 188 veniente
234 153 388 185 discederes
399 158 409 183 Ξ
432 155 495 183 Hoc
505 153 566 182 facis
575 157 603 181 ὃ(
619 163 649 181 in
659 154 744 182 domo
755 163 800 182 tua
812 174 819 181 .
829 154 856 182 C
858 151 898 180 es-

93 199 127 228 fit
137 199 288 227 ‹ibidoeum
300 204 375 234 pater
387 203 447 223 tuus
456 217 464 228 ,
485 193 601 223 cessiirus
610 203 638 222 es
649 194 739 223 locum
752 193 817 223 filiis
828 193 880 222 tuis
890 213 897 220 .

94 241 155 268 Nec
164 235 302 266 mansurus
311 245 401 264 manes
415 257 422 268 ‚
444 245 495 264 nec
505 233 638 263 mansuris
649 235 799 273 relinquis:
812 234 831 264 fi
840 244 897 263 om-

94 277 292 308 notranfimus
305 298 312 309 ,
335 276 440 314 aliquid
454 276 529 314 quod
541 274 653 304 tranfire
664 286 722 304 non
734 275 823 313 potest
833 285 896 314 ope-

954 109 1082 140 haustus.
1101 114 1114 144 ]
1145 115 1180 142 Et
1212 112 1361 152 praedi'ftus
1391 115 1507 143 Tertull.
1537 114 1571 145 de
1593 113 1757 146 Palaestritis

952 152 1093 191 loquens,
1115 163 1212 193 argute
1233 163 1330 182 eorum
1355 154 1518 184 exercitium
1537 158 1662 186 Aridum
1674 158 1757 196 sagi-

954 196 1097 222 nationem
1114 194 1236 232 appellat
1256 194 1304 223 lib.
1314 206 1342 230 4·
1359 194 1393 223 de
1414 195 1480 232 pall.
1498 206 1556 234 cap.
1576 209 1602 232 4.
1623 198 1686 236 quia
1709 198 1758 227 fic-

952 233 991 262 cis
1000 233 1068 262 cibis
1077 235 1222 264 utebantur
1230 245 1294 264 ante
1304 235 1403 264 ludam
1412 256 1421 268 ‚
1444 245 1474 265 ut
1485 236 1638 275 agilitatem
1646 249 1759 267 contra-

953 273 1072 303 herent.

94 323 252 352 rqnurffut
263 327 324 346 cum
334 316 520 346 transierimus
530 338 538 349 ,
558 319 585 344 δε
598 316 649 344 illo
661 315 835 349 venerimus,
849 325 897 343 un·
912 317 1040 344 Xeitsts.
1059 316 1117 346 FR-
1140 318 1203 347 Rex
1215 315 1356 346 Persarum
1371 342 1376 349 ,
1398 316 1477 346 Darii
1488 316 1561 346 filius
1571 339 1578 350 ,
1595 318 1693 348 Baleus
1713 329 1763 356 ap-

94 360 130 388 de
145 368 201 387 non
211 357 377 386 transeamus
389 379 396 390 ,
418 367 501 395 opera
521 356 611 385 nostra
628 356 700 384 bona.
718 356 753 385 ibi
772 355 896 385 invenia-

96 410 171 428 mus.
194 398 294 427 Custos
313 398 351 426 est
372 396 518 429 Christus,
541 397 606 435 quid
627 398 726 429 times,
749 407 785 424 ne
803 396 898 434 perdas

92 438 169 479 quod
197 443 314 478 erogas?
335 439 380 467 De
408 438 480 466 verb.
498 438 582 467 Dom.
610 435 756 465 secundum
778 438 895 468 Lucam,

91 481 172 510 serm.
184 491 195 518 3
205 482 254 511 2.]
275 484 309 509 Et
323 479 396 507 idem
405 479 514 507 Sanftus
524 478 633 508 Dot‘tor
650 477 680 505 in
688 487 759 505 orat.
769 476 802 504 de
814 477 896 515 quin—

92 531 144 559 que
162 520 282 549 haerefib.
305 519 425 549 ostendit
445 518 519 548 Loth
541 517 732 557 hospitalitate
762 515 894 545 salvatum

954 357 1069 394 peilatus
1080 377 1088 384 .
1108 357 1145 386 D.
1157 359 1230 396 Aug.
1240 357 1286 386 lib.
1303 362 1345 385 18.
1357 357 1390 386 de
1399 358 1494 387 Civit.
1513 358 1586 392 Dei,
1596 369 1654 398 cap.
1666 370 1692 397 3.
1704 360 1759 388 Ni-

951 397 1041 425 colaus
1052 406 1146 426 tamen
1157 397 1289 426 Abramus
1307 397 1334 426 'm
1353 400 1409 433 ejus
1419 397 1509 427 Pharo
1528 399 1628 436 Novi,
1647 403 1674 429 δι
1697 401 1763 428 Vet.

952 437 1069 466 Testam.
1082 439 1128 466 lib.
1145 448 1186 476 ¹3·
1196 438 1230 467 de
1239 438 1331 477 Judit.
1341 437 1408 466 dial.
1418 449 1444 467 ι..
1456 442 1484 467 δε
1499 449 1543 474 ις.
1554 449 1630 478 putat
1639 440 1759 469 eundem

951 476 1063 506 Xersem
1076 477 1150 508 fuiss'e
1160 500 1168 512 ‚
1191 489 1273 518 quem
1283 479 1339 508 Sac.
1348 479 1486 518 Scriptura
1503 479 1758 510 Nabuchodonoso-

953 528 1009 546 rem
1018 520 1137 557 appellat
1149 540 1156 546 .

91 561 166 589 suiss'e
178 583 185 594 ‚
195 561 230 590 de
239 571 295 599 quo
305 561 338 590 fic
348 560 460 598 inquit:
485 565 498 595 [
509 557 718 588 consuetudine
728 556 896 594 hospitalitis
909 559 1022 587 Xntor’u
1031 568 1105 588 Αειᾼ
1116 579 1123 586 .
1149 559 1223 588 Vide
1231 561 1401 598 Xerophagias
1410 580 1418 588 .

93 603 221 630 liberatus
230 602 268 630 est
279 611 293 629 a
305 601 426 639 periculo
434 598 570 628 Civitatis
580 620 588 631 ,
607 603 635 628 ὅ(
648 598 799 636 temporale
811 598 893 626 evalit
909 600 1106 628 Xrtopuoitia
1121 621 1128 632 ‚
1139 597 1297 638 ξυλοφιιεὶκ,
1307 601 1447 638 lignorum
1458 600 1587 631 advestio
1596 613 1603 630 ε
1613 612 1670 631 erat
1681 612 1757 641 quse-

93 642 270 674 incmdium,
293 645 320 669 δι
339 648 472 669 aeternum
491 639 650 669 consecutus
669 638 707 667 est
731 638 892 677 praemium.

91 682 198 712 Discite
209 681 363 711 Christiani
383 680 439 709 fine
457 678 625 708 discretione
634 678 756 717 hospites
775 678 893 717 suscipe-

90 733 120 752 re
128 744 136 756 ‚
156 733 189 751 ne
201 722 272 751 sorte
280 722 322 750 cui
334 721 446 748 domurn
457 719 606 750 clauseritis
615 743 622 753 ,
635 720 678 748 cui
690 719 889 748 humanitatem

89 762 275 801 negaveritis,
293 759 351 800 ipse
363 761 395 789 fit
407 760 536 790 Christus
547 763 577 792 .]
591 762 682 795 Quam
694 760 777 790 fidem
789 761 818 789 in
828 759 890 789 lios-

948 639 1010 667 dam
1024 639 1157 668 festivitas
1165 641 1236 678 apud
1247 641 1378 670 Hebraeos
1388 662 1396 673 ,
1418 645 1492 677 cujus
1501 642 1628 671 meminit
1638 642 1753 682 Josepli.

950 680 1021 708 Heb.
1032 681 1078 709 lib.
1089 691 1116 718 3.
1128 681 1191 709 bell.
1203 681 1311 719 Judaici
1322 703 1329 713 ,
1352 692 1376 709 c.
1392 693 1432 715 ¹7·
1452 683 1483 711 in
1493 693 1543 721 qua
1554 683 1709 713 ferebantur
1720 684 1755 712 li-

947 730 1001 758 gna
1010 721 1042 748 :id
1053 721 1196 759 Templum
1209 743 1217 754 ‚
1241 720 1347 750 sortasse
1364 722 1399 751 ad
1416 723 1636 762 conservandum
1650 723 1756 754 sacrum

947 770 1042 799 ignem
1052 782 1060 788 .

88 803 206 841 pitando
218 803 379 841 peregrinos
395 802 535 830 Dominus
557 813 608 830 nos
626 801 721 830 habere
732 802 823 830 voluit
834 823 842 833 ,
861 812 889 830 ut
905 803 1065 830 Xiruoitis.⁴
1079 801 1153 830 Vide
1177 805 1286 842 Synoris
1297 823 1306 831 .

87 842 225 871 credamus
237 842 343 881 semper
353 842 429 870 inter
445 853 490 870 eos
500 841 645 871 Chi-iilum
657 842 798 873 inveniris
818 842 889 870 unde
903 843 1080 872 ernuces
1090 863 1098 874 ‚
1120 845 1223 882 ςαρχος
1233 864 1244 881 ,
1265 844 1429 882 Praepofitus
1440 845 1541 884 portici
1554 868 1562 880 ‚
1585 847 1630 875 ubi
1641 846 1670 875 in
1689 857 1749 876 are-

87 882 160 911 idem
171 884 281 912 sanetus
291 882 515 921 Dostorinquit:
540 890 552 919 [
574 883 650 917 Quid
659 893 726 921 ergo
737 882 886 921 fignificat,

85 924 160 961 quod
169 923 196 952 se
207 925 246 953 ire
257 924 366 963 longius
377 923 494 952 tinxerat
505 945 512 957 ‚
535 934 596 953 cum
614 925 793 952 comitaretur
809 923 888 951 disci.

86 965 158 1002 pulis
177 964 250 997 suis,
272 974 412 1004 exponens
430 965 468 993 eis
487 965 592 993 Sancta-s
610 965 775 1003 Scriptur25‚
798 974 888 992 utrum

86 1003 143 1043 ipse
152 1004 215 1033 ess'et
226 1026 235 1037 ι
245 1004 446 1043 ignorantibus?
458 1005 524 1044 quid
532 1015 656 1046 putamus
667 1027 676 1038 ,
687 1004 737 1033 nili
749 1004 812 1042 quia
824 1004 889 1033 hos-
906 1018 986 1023 —-
993 1016 1230 1028 ——--—--—.,

83 1046 231 1083 pitalitatis
261 1047 359 1075 officio
378 1046 411 1074 ad
429 1044 502 1075 suam
531 1047 724 1085 cognitionem
746 1046 891 1082 pervenire

86 1085 160 1124 polle
170 1086 295 1115 homines
306 1085 448 1115 intimavit
460 1108 468 1119 ,
491 1096 521 1115 ut
532 1097 593 1115 cuin
604 1087 714 1125 longius
732 1084 789 1123 ipse
798 1085 829 1114 ab
839 1086 891 1114 ho-

85 1127 202 1156 minibus
222 1125 372 1156 abscefl'ers‘t
392 1126 472 1163 super
490 1137 585 1156 omncs
603 1129 718 1159 Coelos,
742 1135 835 1154 tamen
853 1127 891 1154 ita

945 892 978 910 na
989 883 1135 911 laetabatur
1143 906 1152 913 .
1182 884 1366 920 [Xystarclies
1375 885 1493 924 Spiritus
1503 888 1612 916 Sanths
1622 908 1628 916 .
1651 888 1755 917 Tetull.

945 923 978 953 ad
989 924 1071 952 Mart.
1080 933 1139 962 cap.
1158 934 1216 963 cap.
1227 936 1254 963 3.
1266 927 1278 957 ]
1292 926 1365 955 Vide
1374 928 1554 965 Agonothetes
1563 948 1571 955 .

1311 1083 1352 1124 Y

85 1177 146 1196 cum
156 1167 236 1196 eisfit
250 1169 310 1207 ,qni
329 1165 389 1196 liaec
398 1166 529 1196 exhibent
538 1167 622 1197 servis
631 1171 706 1205 ejus,
727 1176 756 1194 ut
768 1177 828 1195 tum
838 1166 891 1195 dis·
915 1181 1043 1208 pssfffk-ffi
1063 1199 1069 1206 ,
1083 1169 1140 1198 FR.
1158 1168 1218 1199 liaec
1235 1170 1343 1201 litterra
1363 1183 1377 1201 a
1389 1172 1493 1201 Latinis
1511 1173 1542 1202 in
1552 1176 1580 1203 V
1590 1196 1598 1207 ,
1621 1186 1679 1204 non
1692 1186 1752 1205 raro

84 1218 145 1236 cere
157 1218 290 1246 caeperint
302 1230 308 1241 ‚
319 1207 444 1237 Domine
455 1209 562 1248 quando
573 1219 601 1238 te
614 1209 732 1237 vidimus
744 1206 890 1246 hospitem,

82 1371 175 1399 versus
185 1370 267 1400 finem
276 1392 283 1398 .
308 1374 320 1403 ]
346 1371 496 1406 Quomodo
507 1381 596 1400 autem
610 1370 731 1409 hospites
753 1371 807 1399 sint
819 1372 887 1399 reci-

82 1412 197 1450 piendi?
219 1413 298 1440 Idem
311 1415 392 1450 Augu

84 1453 161 1490 epist.
177 1463 213 1486 ²4
221 1463 243 1480 r.
255 1452 288 1481 ad
298 1450 449 1480 Tholosan.
459 1451 585 1480 referunt
597 1472 605 1480 .

915 1204 949 1269 ἒξ
966 1202 1002 1229 ’ῑ”
1030 1204 1044 1234 Ξ

84 1252 113 1278 δ(
123 1249 302 1279 adduximus?
313 1258 450 1287 tamquam
459 1259 531 1282 eum,
543 1249 649 1278 scilicet
662 1272 668 1282 ,
681 1250 728 1288 qui
741 1248 824 1287 longe
833 1248 898 1298 abs-2
916 1224 969 1275 τὲ
1018 1252 1044 1279 :²

83 1289 209 1318 cesserat.-
230 1290 467 1327 respondeatille,
486 1291 560 1323 Cum
571 1291 619 1318 uni
633 1301 665 1319 ex
686 1289 806 1318 minimis
825 1290 890 1318 meis
913 1292 943 1309 =³

84 1329 185 1359 fecistis
198 1351 204 1362 ‚
225 1330 422 1362 mihifecistis,
440 1330 487 1358 lib.
507 1342 533 1359 2.
556 1331 651 1369 quaest.
670 1330 890 1368 evangelicarum

395 1411 426 1439 st.
437 1412 514 1449 epist.
538 1416 601 1446 148.
622 1416 650 1441 ὅ(
669 1413 705 1440 D.
718 1412 870 1441 Bernardus
882 1434 890 1445 ,

1091 1211 1284 1246 convertitur,
1307 1222 1337 1241 ut
1347 1214 1473 1251 Cuprum
1483 1235 1491 1246 ‚
1513 1215 1660 1253 Cupreffus
1671 1238 1679 1248 ‚
1692 1217 1753 1245 Sul.-

1022 1268 1044 1279 ,Ξ
1086 1249 1129 1283 la,
1152 1252 1263 1284 Tullus,
1297 1264 1347 1291 pro
1366 1264 1420 1287 eo,
1443 1254 1518 1292 quod
1540 1255 1634 1284 Graeci
1655 1256 1754 1285 dicunt

1016 1298 1025 1304 ‘⁷
1036 1295 1044 1311 -'
1092 1292 1238 1329 Cyprum,
1262 1294 1410 1333 Cyprefliis
1421 1316 1429 1327 ,
1453 1295 1547 1330 Sylla,
1570 1297 1666 1331 Tyllus
1679 1319 1688 1330 ,
1699 1299 1751 1326 Vi-

945 1325 978 1353 de
991 1336 1019 1354 1n
1032 1330 1121 1365 princ.
1132 1332 1188 1360 litt.
1200 1339 1224 1362 V.

905 1366 1067 1398 Ycouosius
1079 1392 1085 1399 .
1108 1373 1164 1401 FR-
1176 1374 1306 1403 mendose
1319 1385 1369 1414 pro
1381 1376 1549 1405 oeconomo
1560 1398 1568 1405 .
1579 1378 1682 1406 Bullar.
1693 1379 1752 1408 Ca-

945 1407 993 1435 fin.
1006 1419 1072 1438 tom.
1086 1424 1112 1440 ι..
1123 1414 1233 1442 constit.
1246 1427 1312 1444 κιο.
1322 1420 1350 1445 &
1363 1427 1430 1454 223·

905 1447 1006 1478 Ynsus
1019 1470 1026 1477 .
1054 1453 1110 1481 FR.
1123 1454 1254 1483 mendose
1263 1465 1314 1494 pro
1324 1455 1436 1491 hymno
1445 1476 1452 1484 .
1464 1457 1564 1486 Bullar.
1575 1457 1669 1487 Cafin.
1681 1467 1751 1488 tom.

947 1500 973 1516 2.
985 1492 1094 1520 constit.
1107 1505 1120 1522 2
1127 1501 1172 1522 60.

40 1494 139 1521 Xruoi
147 1501 282 1521 novumn
294 1515 300 1525 ,
312 1491 486 1530 ξειονρρφεῖον,
498 1492 570 1520 loeus
581 1493 610 1525 in
620 1503 675 1531 quo
684 1492 806 1533 hospites
817 1497 891 1525 :ilun-

82 1543 127 1561 ω,-
138 1553 145 1559 ,
157 1533 240 1561 -vlde
251 1534 453 1562 Xenodochmm
463 1553 470 1560 ,
905 1528 1118 1562 ΥΡεειτΗεςΜος
1131 1554 1138 1562 .
1161 1537 1217 1565 FR-
1229 1535 1410 1574 x‘aez5p'9wu05,
1421 1537 1488 1566 idest
1498 1560 1506 1572 ‚
1528 1544 1605 1576 Leges
1616 1540 1731 1577 legimus
1743 1551 1751 1569 ε

40 1575 234 1603 ΧεκορΗΑωΑ
247 1595 254 1606 ,
275 1572 423 1612 ξηροφαγία
434 1595 441 1605 ,
470 1573 601 1602 comestio
627 1585 716 1604 rerum
735 1575 863 1606 fictarum
877 1598 883 1605 ,
945 1580 1024 1614 erant
1035 1574 1200 1604 voluntariae
1213 1577 1389 1615 poenitentiae
1399 1599 1408 1610 ‚
1427 1589 1491 1617 quas
1510 1579 1580 1608 ultra
1592 1580 1693 1618 regular:
1703 1581 1751 1609 ob-

84 1620 98 1649 [
109 1615 234 1651 Oportet
246 1623 334 1642 totam
343 1614 576 1652 quadragesimam
585 1618 703 1651 jejunare
713 1617 891 1657 xerophagiis
944 1610 1092 1653 llgationes
1103 1615 1250 1645 orientales
1261 1618 1394 1646 Monachi
1406 1619 1435 1647 in
1445 1621 1537 1648 Lauris
1545 1639 1557 1655 ,
1578 1620 1752 1649 Monasteriis

82 1663 192 1682 utentes
202 1673 210 1681 .
232 1655 346 1683 Concil.
357 1653 440 1683 Laod.
453 1665 511 1683 can.
528 1665 574 1690 50.
584 1658 596 1687 ]
608 1659 642 1684 Et
653 1656 794 1686 Caffianus
809 1659 842 1688 de
853 1668 890 1687 ri-
944 1660 983 1680 ¹1²
994 1655 1139 1692 appellatis
1151 1679 1159 1690 ‚
1181 1659 1342 1687 exercebant
1352 1679 1360 1686 ·
1382 1661 1513 1698 Evagrius
1525 1681 1533 1693 ›
1553 1660 1600 1689 lib·
1615 1671 1638 1689 1·
1650 1662 1746 1690 Eccle-

80 1694 181 1734 gorosa
196 1695 374 1733 antiquorum
387 1695 588 1724 Monac-horum
608 1697 771 1726 abstinentia
786 1710 870 1739 agens
879 1721 887 1732 ‚
943 1692 1011 1722 fi2st·
1021 1693 1118 1724 histor·
1129 1707 1185 1737 cap-
1198 1709 1245 1728 21·
1256 1699 1330 1728 Vide
1339 1704 1433 1729 Laura
1443 1720 1450 1727 ·

78 1736 114 1764 fic
126 1735 217 1773 inquit
229 1747 236 1763 x
262 1742 274 1771 [
284 1738 352 1765 Non
361 1735 437 1764 enim
447 1746 548 1774 magno
558 1737 679 1775 corporis
688 1738 779 1767 labore
791 1740 889 1779 fatiga-

79 1784 143 1811 tur,
164 1775 227 1814 quia
246 1787 296 1804 nec
309 1785 381 1805 tanta
404 1785 466 1804 cura
477 1777 604 1805 intereos
615 1779 797 1815 parandorum
814 1782 888 1809 cibo-

78 1825 141 1844 rum
154 1837 162 1848 ‚
180 1816 225 1843 vel
244 1816 379 1846 coctionis
398 1816 574 1856 impenditur
584 1838 594 1850 ‚
603 1818 704 1857 quippe
715 1821 762 1858 qui
771 1823 887 1850 maxime
1307 1844 1343 1886 Z

78 1854 258 1900 xerophagiis
268 1879 275 1889 ‚
286 1861 313 1886 ὃς
325 1857 522 1896 homophagiis
532 1866 647 1886 utuntur
657 1880 665 1890 ‚
684 1860 732 1887 lib.
742 1871 769 1894 4.
780 1872 803 1890 c.
815 1864 883 1893 22.]

78 1896 194 1925 Dicitur
202 1906 286 1926 etiam
297 1900 465 1936 Xirophagia
474 1920 483 1931 ,
507 1906 537 1925 ut
548 1898 578 1926 in
589 1899 764 1929 Tertulliano
773 1923 782 1934 ‚
795 1902 841 1931 lib.
851 1903 886 1932 de

76 1937 171 1975 Jejun·
182 1935 295 1967 habetur
306 1950 312 1966 ι
328 1944 340 1973 [
353 1942 483 1978 Arguunt
496 1949 548 1966 nos
557 1959 566 1971 ,
577 1939 652 1977 quod
663 1941 746 1969 etiam
756 1942 884 1982 xiropha—
948 1973 960 1975 r

76 1977 136 2016 giris
145 1975 315 2008 observamus
325 2000 334 2012 ,
359 1979 490 2008 siccantes
499 1979 589 2008 cibum
598 1981 629 2008 ab
637 1981 715 2009 omni
733 1992 812 2012 carne
822 2005 831 2017 ‚
854 1988 881 2014 δε
923 1990 939 2013 7
970 1979 980 1985 ”

78 2017 157 2046 omni
167 2018 314 2053 jurulentia
323 2042 331 2053 ,
353 2022 382 2048 δε
399 2020 583 2049 vividioribus
605 2020 755 2060 quibusque
773 2025 879 2062 pomis,
921 2020 927 2034 '¹
956 2025 958 2028 ’

77 2058 188 2097 nequid
200 2059 374 2093 vinositatis,
397 2062 443 2089 vel
461 2061 586 2095 edamus,
613 2062 658 2093 vel
676 2072 820 2101 potemus,
841 2066 879 2094 la-
897 2071 904 2100 1
920 2066 928 2075 “

79 2100 154 2128 varri
164 2109 273 2138 quoque
283 2101 475 2131 abstinentiam
483 2111 686 2142 congruentem
697 2103 773 2133 arido
783 2105 878 2134 vistui.
899 2107 903 2130 -'
925 2111 928 2114 ⁴
960 2125 973 2139 .,

75 2140 124 2169 De
145 2150 197 2178 qua
217 2140 341 2180 rigorosa
368 2143 537 2179 jejunionim
556 2144 726 2182 poentientia
743 2146 876 2175 Clemens

76 2181 284 2210 Alexandrinus
295 2204 303 2216 ,
324 2182 372 2211 lib.
384 2194 411 2212 2.
424 2184 496 2222 paed.
506 2195 564 2224 cap.
577 2196 603 2229 ²7·
613 2184 650 2214 fic
659 2185 770 2223 inquit:
796 2191 808 2221 [
821 2187 875 2221 Qui

1134 1948 1274 1976 Azanium
1284 1967 1292 1974 .
1315 1945 1389 1976 Vide
1397 1948 1544 1978 Zaberna.

1081 1980 1090 2012 ,¹-
1142 1988 1305 2017 ZABAZALA
1317 2008 1323 2015 .
1348 1990 1404 2018 FR.
1424 1990 1551 2018 Sacerdos
1570 1989 1749 2019 Sat-ratenus?

1047 2044 1050 2053 .
1090 2035 1093 2041 ¹
1137 2029 1232 2062 [Cum
1256 2028 1425 2058 Christianis
1443 2029 1567 2059 habitant
1584 2031 1746 2060 sarraceni:

1141 2069 1298 2097 Sacerdotes
1320 2079 1415 2098 eorum
1445 2071 1578 2100 Zabazala
1596 2071 1748 2110 vulgariter

1136 2110 1304 2147 nuncupati.
1315 2110 1342 2138 C
1344 2111 1458 2139 lenient.
1469 2111 1502 2141 de
1519 2111 1638 2150 Judaeis,
1649 2116 1677 2141 ὅ(
1687 2113 1747 2140 Sar-

1136 2159 1190 2179 rae.
1203 2156 1216 2185 [
1226 2151 1391 2179 Vocabulum
1401 2161 1495 2181 tamen
1505 2153 1577 2180 male
1588 2152 1725 2190 prolatum
1734 2172 1745 2186 ,

933 2198 963 2217 ut
981 2190 1048 2217 bene
1058 2198 1137 2219 notat
1147 2213 1154 2223 ‚
1177 2200 1203 2219 at
1223 2190 1332 2220 incaute
1350 2192 1389 2220 ibi
1398 2193 1514 2232 corrigit
1523 2191 1617 2222 Glossii
1626 2212 1634 2220 .

75 2230 166 2249 autem
184 2220 248 2250 sunt
269 2223 300 2251 in
319 2222 383 2262 ipso
399 2226 488 2258 flore,
512 2235 541 2253 ac
561 2236 662 2270 vrgore
686 2227 791 2259 aemis,
815 2238 875 2256 cum
891 2229 1071 2263 ZABERNON,
1095 2228 1235 2270 ζάβερνον,
1259 2232 1368 2266 Saccus,
1389 2234 1424 2262 dc
1443 2244 1499 2272 quo
1516 2233 1649 2263 vocabulo
1668 2231 1744 2272 saepe

74 2261 197 2291 'interdiu
206 2263 318 2302 quidem
329 2265 479 2303 prandium
490 2264 658 2304 sumpserint
667 2288 677 2300 ‚
700 2267 797 2304 quibus
806 2279 872 2297 con-

73 2302 152 2331 venit
170 2304 335 2340 prandium,
357 2316 427 2345 pane
448 2305 509 2334 solo
533 2307 660 2344 gustato,
683 2318 697 2336 a
720 2317 790 2345 potu
814 2319 873 2338 om-

71 2342 141 2371 nino
163 2343 330 2379 abstineant,
351 2355 382 2374 ut
405 2346 527 2375 ebibatur
548 2358 643 2376 eorum
653 2347 802 2387 superfluus
822 2349 874 2379 hu-

70 2393 132 2417 mor
153 2384 294 2422 aridorum
311 2407 321 2422 ,
353 2386 398 2417 esu
428 2388 518 2418 vetuti
550 2389 666 2429 quadam
685 2387 801 2430 spongia
824 2401 872 2420 ex-

930 2269 960 2298 in
980 2270 1045 2298 vitis
1065 2273 1177 2300 Parrum
1186 2293 1194 2304 ,
1219 2272 1286 2300 licet
1305 2273 1394 2312 aliqui
1413 2273 1516 2313 capsam
1524 2296 1532 2306 ,
1555 2273 1612 2302 five
1634 2272 1745 2303 thecam

931 2321 963 2338 ex
969 2321 1074 2348 ponant
1084 2331 1091 2340 .
1113 2312 1174 2341 Alii
1184 2321 1276 2342 tamen
1286 2313 1430 2352 ζαβαρέἓον
1442 2336 1449 2347 ,
1461 2315 1618 2343 Zaban'um
1630 2336 1639 2348 ‚
1651 2314 1721 2344 'idest
1732 2322 1745 2349 ,¹

931 2353 1126 2381 armentarium
1138 2374 1155 2393 ,ι
1170 2353 1266 2392 legunt
1275 2373 1283 2381 .
1306 2355 1385 2383 Hinc
1396 2355 1498 2384 Abdias
1508 2354 1693 2390 Babylonicus
1711 2356 1743 2385 in

931 2392 988 2423 vita
998 2394 1024 2423 S.
1032 2393 1128 2433 Jacobi
1138 2393 1187 2431 ait:
1201 2395 1353 2430 [Collectis
1361 2395 1439 2426 libris
1447 2395 1533 2434 magis
1543 2396 1670 2426 zabernas
1681 2397 1742 2435 ple-

1655 2447 1702 2466 nas
