1866 2526
483 35 596 80 CO

131 97 237 141 ginta:
258 96 328 127 benc
339 103 431 127 tmen
440 94 583 126 Diaconos
591 114 599 124 .
622 92 696 125 Vide
719 95 805 124 Calix
827 96 917 124 admi-

135 133 263 179 nffiruh's
272 157 280 166 .

88 182 351 211 eonmicanrzs
363 201 372 213 ‚
394 178 486 209 oratio
506 177 537 207 in
557 177 676 208 canone
687 176 771 215 posita
782 197 790 209 ‚
812 177 846 206 dc
867 187 919 216 qua

129 221 232 250 dictum
251 219 290 249 est
307 221 338 249 in·
356 220 424 249 diei,
444 223 542 248 Canon
550 219 633 256 Miffae
647 239 655 252 ,
676 221 703 247 ὅ(
715 218 796 247 Αἱὶίο
812 218 915 256 M¹ff⁴=

131 262 199 298 Quae
213 270 306 300 preces
315 260 345 290 in
355 260 489 300 aliquibus
498 259 692 288 festivitatibus
702 257 841 287 variantur
853 269 859 289 ς
884 258 916 287 fi-

127 310 174 331 cut
184 306 212 331 3<
224 301 354 330 Praefntio
364 322 372 329 .
395 300 555 340 Aliquando
565 309 657 328 tamen
670 298 865 337 distinguitur,
889 302 916 328 ὃ(

127 342 267 381 separatur
276 341 408 371 Praefatio
417 342 450 370 :id
463 341 601 371 Oratione
612 343 857 369 communicantes
869 361 877 372 ‚
888 348 916 367 iit

128 382 249 421 exempli
260 383 348 422 gratia
360 405 367 415 ,
377 383 397 412 si
408 382 502 411 festum
513 383 559 410 SS.
570 380 695 418 Philippi
706 384 734 409 δε
743 379 838 418 Jacobi
851 401 858 412 ‚
869 378 916 407 seu

128 423 308 453 inventionis
324 423 427 452 Sanftce
447 422 546 452 Crucis
562 420 734 450 occurrerint
753 419 824 448 infra
833 420 917 449 octa-

128 472 192 494 vam
202 463 388 494 A-scenfionis5
399 473 464 492 tunc
474 461 606 492 Praesatio
617 461 676 490 festi
687 460 856 490 occurrentis
868 482 876 494 ‚
889 464 915 490 ὃ(

126 505 366 534 communicantes
376 505 409 532 dc
418 505 527 532 Ostava
535 503 703 534 dicerentur,
716 501 787 530 iicet
797 502 832 529 de
842 501 912 529 osta-

129 556 163 576 να
173 554 231 575 non
240 545 286 574 siat
297 545 542 574 commemoratio.
559 545 705 582 Congreg.
726 542 785 572 Rit.
799 552 845 576 24.
856 544 914 570 Au-

127 586 198 627 gust.
213 593 297 620 1627.

89 628 336 657 Commmcnrio
345 647 352 654 .
376 626 450 655 Vide
457 628 644 662 Partieipitam
652 645 661 652 .

90 669 381 697 Commumcnonm
391 669 530 696 Liri-cius
540 686 548 693 .
571 665 645 694 Vide
665 667 773 696 Littera
785 667 915 692 Commu-

128 711 266 738 nicatoria
278 729 286 736 .

98 743 150 787 eo
161 759 180 777 Μ
192 759 212 777 Μ
223 759 244 776 υ
254 759 272 777 Ν
287 758 298 776 1
308 758 327 777 o
337 769 345 781 ‚
368 747 410 776 ita‘
427 747 581 786 appellatur
591 745 755 785 Antiphonti
777 745 862 784 posita
884 745 914 773 in

129 788 209 817 Missa
220 810 228 821 ,
250 796 310 827 quae
332 789 477 817 canebatur
497 789 529 816 in
548 787 638 817 choro
646 809 653 820 ,
675 787 740 815 dum
770 786 912 814 distribue-

128 827 205 858 batur
227 828 394 857 Eucharistin
418 829 543 858 fidelibus
552 850 562 862 ,
584 839 598 857 a
613 829 652 857 D.
671 828 813 866 Gregorio
836 827 912 854 insti-

128 879 199 899 tuta·
209 873 290 899 Gem.
303 870 351 898 lib.
367 881 389 898 i.
400 881 423 898 c.
433 882 480 907 90.
491 869 596 898 dicitur
605 869 688 897 etiam
698 868 912 905 Transttormm.

130 911 205 940 Vide
216 909 264 939 suo
274 911 335 939 loco
345 931 351 938 .
371 911 462 947 Quare
480 919 574 939 contra
584 911 717 939 rubricam
734 907 825 937 abusus
836 919 911 936 inva-

129 951 181 979 luit
191 953 415 980 communionem
427 952 487 990 post
500 950 620 984 Mirum,
643 952 687 979 vel
698 959 760 978 ante
769 958 828 977 eam
840 948 907 977 face-

128 1000 173 1023 re,
187 992 384 1030 nulla-urgente
396 991 554 1020 neceffimte
565 1011 573 1023 ‚
584 991 660 1029 quod
670 990 713 1019 his
723 989 810 1018 verbis
821 989 850 1017 in
861 991 912 1018 Ri-

129 1032 196 1059 tuali
208 1034 292 1060 Rom.
304 1041 416 1060 cavetur
428 1046 435 1060 ,·
456 1032 654 1068 [Communio
665 1040 752 1059 autem
763 1030 859 1068 populi
871 1030 912 1057 in-

130 1080 171 1100 tra
181 1070 285 1100 Mifi'am
295 1072 384 1101 statim
395 1073 455 1111 poll:
465 1073 689 1100 communionem
698 1070 850 1100 Sacerdotis
868 1081 911 1098 cc-

129 1112 259 1141 lebrantis
270 1112 328 1141 fieri
340 1113 419 1142 debet
437 1118 449 1146 (
461 1113 509 1140 nili
520 1113 683 1151 quandoque
702 1122 735 1140 ex
757 1111 911 1139 rationabili

126 1151 203 1181 causa
215 1153 274 1191 post
287 1153 389 1182 Miffim
401 1153 432 1182 sit
442 1153 565 1181 facienda
576 1157 587 1183 )
597 1163 657 1181 curn
669 1152 806 1180 orationes
818 1172 826 1183 ‚
848 1161 907 1189 quae

127 1193 159 1221 in
169 1192 243 1221 Misl'a
253 1193 312 1232 post
321 1194 547 1222 communionem
558 1193 697 1226 dicuntur,
709 1203 766 1220 non
777 1191 864 1220 solum
877 1191 922 1236 ad¹

128 1234 300 1262 Sacerdotem
311 1255 319 1266 ,
337 1233 383 1262 sed
392 1234 474 1262 etiam
483 1233 516 1261 ad
527 1234 595 1262 alios
606 1234 839 1262 communicantes
851 1231 911 1270 spe-

128 1274 202 1302 thnt
213 1293 220 1300 .
235 1275 247 1304 ]
266 1274 309 1302 Sic
320 1275 349 1302 in
359 1273 436 1303 Minici
447 1274 550 1302 Sabbati
562 1275 651 1302 Sansti
673 1272 733 1302 haec
747 1272 912 1311 Antiphoni

127 1313 191 1342 ideo
201 1324 256 1342 non
265 1314 386 1348 dicitur,
407 1315 470 1354 quia
488 1315 647 1343 communio
665 1314 768 1353 populo
786 1324 844 1342 non
861 1313 892 1342 fit
903 1333 910 1340 .

126 1355 224 1393 Itaque
234 1354 326 1383 abusus
335 1356 417 1384 etiam
428 1355 578 1384 censendus
587 1355 625 1384 est
636 1356 748 1384 illorum
759 1377 766 1388 ‚
776 1355 823 1394 qui
834 1364 908 1382 com-

127 1395 292 1425 munionem
316 1397 474 1426 concedunt
500 1396 530 1424 in
547 1395 597 1425 hac
626 1396 688 1424 die:
711 1406 764 1435 prae
769 1395 911 1434 ponendus

128 1435 204 1464 enim
223 1437 262 1471 est
280 1437 483 1475 particularium
509 1437 705 1465 devotionibus
720 1436 910 1465 ecclesiasticus

127 1477 194 1504 ritus
209 1497 217 1504 .
240 1477 403 1516 Antiquitus
423 1478 579 1506 Sacerdotes
589 1499 596 1510 ,
617 1480 644 1506 ὃ(
653 1477 773 1505 Diaconi
786 1487 838 1505 una
849 1486 911 1503 cum

127 1515 262 1555 Episcopo
271 1518 617 1556 celebi·antcs‚accipieb:int
628 1518 658 1546 ab
669 1528 704 1546 eo
712 1516 910 1546 Eucharistiam

129 1557 247 1594 propi-iis
256 1557 377 1586 manibus
387 1579 394 1585 .
414 1564 426 1593 [
444 1559 609 1593 Praesbyteri
629 1568 697 1597 ergo
710 1580 716 1591 ,
741 1562 768 1586 ὃ(
788 1557 912 1586 Diaconi

126 1595 274 1625 osculando
285 1597 450 1636 Episcopum
461 1620 469 1631 ‚
480 1606 576 1638 corpus
591 1598 697 1628 Christi
707 1598 736 1626 ab
748 1608 781 1626 eo
791 1598 912 1626 manibus

127 1637 259 1675 accipiant
278 1638 308 1666 in
326 1638 432 1666 sinistra
449 1649 525 1677 parte
543 1639 647 1668 Altaris
667 1638 892 1667 communicaturi
902 1658 910 1665 .

127 1677 292 1707 Subdiaconi
300 1687 390 1707 autem
397 1677 546 1708 osculando
556 1689 664 1708 manum
673 1679 800 1718 EPiscopi
810 1689 857 1708 ore
868 1690 911 1707 ac-

126 1718 221 1756 cipant
230 1719 342 1758 Corpus
351 1718 458 1748 Christi
469 1720 500 1748 ab
509 1730 542 1748 eo
551 1741 558 1747 .
581 1721 726 1758 Postquam
736 1730 803 1749 vero
811 1720 911 1749 Diaco-

128 1759 157 1786 ni
166 1758 276 1787 sinistro
285 1759 370 1788 co‘rnu
388 1761 492 1789 Altaris
510 1761 544 1788 de
563 1761 700 1800 Sanguine
710 1760 818 1790 Christi
837 1771 912 1789 coni-
925 1792 927 1803 A

127 1798 280 1833 municent‚
292 1801 437 1829 venientes
447 1801 610 1829 Subdiaconi
618 1801 769 1830 ordinatim
778 1801 913 1840 accipiant

127 1839 294 1881 Sanguinem
304 1840 411 1870 Christi
420 1841 451 1870 ab
465 1841 671 1870 Archidiacono
680 1863 686 1870 .
709 1842 783 1872 Ord.
800 1845 885 1872 Rom.
898 1845 910 1874 ]

130 1880 186 1908 Hic
197 1889 264 1908 vero
274 1881 341 1909 ritus
350 1881 440 1920 quoad
451 1883 609 1911 Sacerdotes
620 1905 628 1915 ‚
638 1887 665 1912 δ(
677 1883 816 1911 Diaconos
826 1883 856 1910 in
865 1886 914 1911 Ec-

129 1920 207 1948 clesia
216 1929 304 1959 graeca
313 1921 576 1952 adhucobservatur.
588 1924 686 1960 Quoad
696 1924 828 1952 sinistram
835 1934 914 1962 prx-

130 1969 212 1989 terea
223 1982 231 1993 ‚
254 1971 314 2000 quae
325 1960 403 2000 siipra
413 1962 531 1992 diximus
543 1964 573 1993 in
593 1965 658 1992 dict.
681 1965 782 1994 Bulla.
806 1966 915 1993 Notan-

128 2001 194 2030 dum
202 2002 284 2030 etiam
293 2002 332 2030 est
342 2024 350 2036 ‚
372 2003 450 2041 quod-
456 2005 566 2042 quando
576 2007 646 2043 Papa
654 2005 761 2034 solemn
769 2005 822 2033 iter
843 2005 913 2034 cele-

127 2042 185 2071 brat
196 2064 203 2076 ‚
226 2042 351 2073 defertur
360 2042 528 2073 Sacrosancta
538 2045 636 2074 Hostia
657 2056 671 2074 :i
688 2046 857 2075 Subditicono
879 2045 912 2074 ad

126 2084 226 2112 laevam
238 2083 382 2113 Pontificis
394 2083 478 2113 stante
487 2107 495 2118 ‚
507 2091 519 2120 [
539 2087 614 2114 Cum
625 2086 807 2115 Subdiaconus
818 2097 916 2125 perve-

127 2124 172 2155 nit
191 2125 224 2153 ad
244 2124 409 2153 Pontificem
417 2146 426 2158 ,
448 2125 500 2153 stet
517 2126 549 2154 ad
569 2130 624 2164 ejus
645 2127 777 2155 sinistram
794 2128 896 2156 ereftus
907 2148 915 2155 .

127 2164 248 2193 Caerem.
259 2165 305 2193 lib.
317 2177 342 2193 ι..
352 2175 375 2192 c.
390 2175 433 2200 14·
444 2167 456 2197 ]
469 2167 577 2195 Contra
588 2177 666 2206 quam
676 2169 870 2196 caetemoniam
881 2169 917 2196 la-

128 2213 204 2233 trant
211 2214 332 2234 recentes
345 2206 497 2240 Haeretici,
516 2206 656 2236 asserendo
667 2207 716 2237 effe
727 2210 813 2237 ac'turn
823 2193 927 2247 super-⁸

125 2244 178 2273 bia
194 2247 223 2274 in
234 2245 371 2275 Pontifice
390 2247 570 2284 permittente
587 2249 634 2276 fibi
644 2249 676 2278 ad
686 2248 818 2277 thronum
828 2237 926 2286 defer-l

130 2287 153 2313 ri
164 2285 320 2317 Cliristum5
330 2286 518 2323 sedJnystcria
528 2287 607 2323 hujus
615 2290 730 2318 actionis
747 2291 926 2329 contempla-⁴

127 2334 156 2354 re
167 2336 305 2367 nequeunt
314 2348 323 2360 ‚
346 2329 408 2356 Cum
418 2329 525 2358 Christi
536 2330 661 2359 Vicarius
671 2331 788 2359 Domini
809 2330 851 2360 sui
868 2329 927 2360 hii-¹

127 2367 278 2396 militatem
286 2369 376 2410 potius
388 2369 493 2399 imitari
504 2370 630 2399 intendat
641 2393 650 2406 ,
661 2371 772 2410 quando
780 2394 789 2406 ,
800 2382 899 2412 nempe
910 2363 928 2406 ,l

1261 35 1302 77 C
1330 36 1372 78 O
1632 47 1711 89 199

978 92 1008 122 in
1016 92 1160 123 coenaculo
1171 98 1275 132 panem,
1285 98 1313 124 ὅ(
1326 94 1423 122 vinum
1433 91 1612 128 consecravit,
1623 95 1725 124 deinde
1736 92 1767 122 in

975 133 1108 164 Calvario
1117 133 1286 163 Sacrificium
1296 133 1458 164 consumans
1468 155 1476 167 ,
1486 132 1605 172 seipsum
1614 135 1643 162 in
1651 134 1768 172 conspe-

975 175 1020 204 ἂιι
1030 173 1114 204 totius
1124 175 1220 214 populi
1231 176 1294 204 Deo
1302 175 1375 204 Patri
1394 175 1513 206 obtulit÷
1536 174 1571 203 iic
1591 177 1662 212 Papa.
1686 174 1767 211 super

976 214 1074 245 Altare
1083 237 1092 249 ‚
1114 216 1190 254 quod
1200 216 1238 245 est
1247 216 1383 245 coenaculi
1392 215 1478 255 figura
1489 237 1496 248 ,
1506 214 1647 244 consecrat
1663 235 1670 246 ,
1694 225 1722 242 :ic
1734 225 1764 242 in

975 254 1085 285 sublimi
1095 256 1212 286 Throno
1229 257 1456 286 communionem
1472 255 1572 289 sumit,
1594 256 1630 284 ad
1648 254 1762 283 imitan-

974 296 1040 325 dum
1050 296 1238 327 Christumin
1249 307 1344 327 monte
1360 297 1520 326 crucifixum
1533 308 1540 324 .-
1564 307 1646 336 quare
1666 297 1762 325 Caete-

975 338 1097 366 moniale
1106 339 1136 366 in
1146 337 1199 367 hoc
1221 339 1280 368 astu
1299 342 1401 377 Papam
1421 337 1538 368 Throno
1560 337 1766 375 incumbentem

975 377 1113 408 incurvari
1121 378 1245 417 disponit
1256 401 1263 413 ,
1286 380 1320 408 ad
1338 379 1525 408 denotandum
1544 379 1715 407 salvatorem
1736 377 1766 405 in

976 420 1067 448 Cruce
1075 420 1261 458 pendentem:
1275 420 1308 449 sic
1318 419 1399 449 sensit
1411 419 1569 458 Seraphicus
1581 420 1605 448 S.
1618 421 1765 448 Bonaven-

977 466 1055 493 tura,
1078 460 1223 499 inquiens:
1238 467 1250 496 [
1267 460 1394 490 Christus
1405 461 1434 489 in
1443 460 1603 492 communi,
1625 464 1653 488 δε
1671 457 1763 487 omni-

975 500 1021 528 bus
1033 500 1187 529 videntibus
1197 501 1279 540 palliis
1289 501 1328 530 est
1341 513 1348 529 z
1371 501 1443 530 unde
1460 503 1530 539 Papa
1545 500 1658 539 quando
1677 498 1762 528 sumit

974 542 1084 579 Corpus
1093 541 1200 570 Christi
1211 543 1240 570 in
1249 541 1324 571 Miss'a
1334 541 1451 571 solemni
1464 564 1470 574 ,
1483 540 1566 570 sumit
1577 540 1705 570 omnibus
1715 539 1756 567 vi-

976 580 1123 610 dentibus.-
1146 592 1206 610 nain
1216 581 1313 611 sedens
1325 581 1506 611 inCathcdra
1522 582 1664 611 convertit
1681 580 1708 609 se
1726 579 1760 608 ad

972 623 1103 659 populum
1113 642 1120 649 .
1144 624 1178 651 In
1205 623 1320 661 exposit.
1342 622 1410 652 Psal.
1432 635 1446 652 τ.
1456 635 1478 652 ι.
1499 625 1510 654 ]
1531 622 1675 652 Dur-andus
1694 631 1761 649 vcro

973 662 1054 690 aliam
1066 673 1174 701 quoquc
1185 665 1323 692 rationem
1332 664 1407 693 addit
1417 685 1424 697 ‚
1449 674 1563 703 nempe:
1578 663 1761 699 [SicurSum-

974 712 1032 730 mus
1042 703 1173 732 Pontifex
1182 704 1220 733 est
1229 704 1338 733 Christi
1350 705 1484 738 Vicarius,
1496 709 1523 734 ὅ(
1535 715 1613 743 caput
1621 702 1758 734 omnium,

971 743 1018 782 qui
1030 744 1059 771 in
1070 744 1186 773 Ecclesia
1195 745 1300 784 degunt
1310 745 1422 773 militari
1433 756 1441 776 5
1465 745 1503 774 ita
1514 745 1658 774 Christum
1668 743 1761 772 Eccle-

971 784 1015 813 fiae
1026 794 1105 822 caput
1115 786 1259 822 perfectius
1269 807 1277 818 ‚
1299 789 1327 814 δι
1338 784 1480 814 sublimius
1490 784 1685 824 repraesentans
1695 805 1702 816 ‚
1725 783 1760 811 ad

970 823 1158 853 sublimiorem
1169 827 1259 854 locum
1271 827 1474 854 communicare
1484 825 1564 858 solet,
1574 826 1621 854 lib.
1633 836 1660 860 4.
1671 825 1704 853 de
1714 824 1757 851 di-

970 866 1019 894 vin
1031 867 1089 895 .ost.
1100 877 1158 905 cap.
1171 876 1217 903 54.
1228 869 1240 898 ]
1251 867 1344 895 Tertia
1353 867 1472 905 denique
1481 866 1615 895 sententia
1623 865 1661 894 est
1671 867 1760 894 Inno-

967 907 1053 935 ccntii
1065 908 1122 935 ΠΙ.
1132 908 1179 946 qui
1190 909 1228 936 ait
1238 929 1246 940 ,
1269 907 1359 946 quod:
1379 910 1543 943 [Romanus
1553 906 1685 937 Pontifex
1695 905 1759 934 ideo

968 958 1024 975 non
1035 949 1217 976 communicat
1229 969 1236 980 ‚
1259 948 1302 976 ubi
1313 947 1417 987 frangit
1430 959 1438 979 ς
1461 947 1507 976 scd
1525 949 1559 976 ad
1571 948 1666 977 Altare
1686 946 1759 975 sran-

968 988 1011 1026 git
1022 1009 1030 1021 ‚
1042 991 1070 1016 ὅ(
1081 988 1114 1016 ad
1124 989 1221 1017 Sedcm
1230 990 1413 1017 communicat
1426 1000 1432 1016 τ
1444 989 1508 1027 quia
1515 987 1642 1017 Christus
1652 987 1684 1016 in
1693 991 1757 1015 Ein-

970 1038 1043 1056 maiis
1052 1038 1141 1056 coram
1151 1029 1255 1057 duobus
1265 1028 1415 1067 Discipulis
1435 1029 1518 1067 fregit
1530 1051 1538 1062 ,
1560 1033 1588 1057 ὃς
1607 1026 1756 1067 Jerusalem

970 1079 1060 1097 coram
1077 1069 1171 1097 decem
1183 1069 1325 1108 Apostolis
1345 1069 1520 1098 manducavit
1530 1091 1538 1102 ,
1562 1070 1608 1098 lib.
1627 1081 1654 1104 4.
1672 1068 1758 1103 Myst-

970 1108 1040 1137 Missi
1051 1120 1108 1148 cap.
1118 1121 1146 1146 9.
1157 1112 1168 1141 ]
1180 1111 1264 1139 Ratio
1276 1119 1364 1138 autem
1377 1109 1514 1148 Seraphici
1523 1111 1654 1138 Dostoris
1670 1110 1758 1147 magis

969 1148 1092 1178 consona
1101 1171 1109 1183 ,
1132 1161 1159 1178 ac
1170 1151 1213 1189 pia
1222 1151 1336 1179 videtur
1346 1170 1354 1177 .
1376 1151 1489 1179 Sinistra
1498 1159 1579 1178 manu
1598 1150 1753 1179 Sacerdotes

972 1190 1153 1219 Dominicani
1166 1191 1196 1219 in
1209 1190 1287 1219 Misia
1295 1191 1523 1220 communionem
1538 1190 1649 1219 sumunt
1658 1212 1666 1224 ‚
1688 1201 1758 1229 quo-

969 1240 1028 1258 rum
1040 1231 1151 1259 Missalis
1161 1231 1265 1260 rubrica
1276 1230 1334 1259 haet·
1344 1231 1423 1260 habet
1435 1232 1523 1261 verba:
1537 1237 1549 1267 [
1560 1232 1702 1260 Inclinato
1713 1241 1755 1259 ca-

968 1272 1026 1309 pite
1038 1292 1045 1303 ,
1068 1271 1166 1300 dextra
1176 1282 1362 1300 manutenens
1373 1273 1485 1300 cal-icem
1497 1294 1504 1305 ‚
1514 1272 1549 1301 de
1558 1272 1662 1301 sinistra
1671 1271 1758 1300 sumat

967 1313 1076 1340 Sacrum
1086 1311 1194 1342 Christi
1205 1313 1316 1351 Corpus
1328 1333 1335 1340 .
1360 1315 1371 1344 ]
1385 1314 1444 1348 Qua
1455 1313 1489 1341 de
1499 1323 1528 1341 re
1538 1312 1630 1342 invidi
1641 1314 1757 1342 Calum-

968 1352 1087 1380 niatores
1098 1375 1106 1386 ‚
1127 1353 1267 1382 occasione
1276 1363 1380 1391 arrepta
1393 1376 1400 1387 ,
1423 1353 1490 1382 falso
1505 1352 1634 1382 asseruere
1647 1375 1654 1386 ‚
1678 1353 1707 1381 id
1724 1363 1754 1380 iu

968 1394 1161 1431 poenitentiam
1171 1403 1208 1422 eis
1219 1394 1371 1430 injunctum
1383 1394 1457 1422 fuisse
1467 1416 1476 1427 ,
1495 1400 1556 1422 cum
1564 1404 1658 1423 eorum
1666 1396 1757 1422 Frater

969 1434 1120 1463 Bernardus
1132 1445 1145 1462 a
1156 1434 1255 1464 Monte
1266 1434 1401 1464 Pcsulano
1415 1435 1570 1463 Henricum
1583 1436 1652 1463 VII.
1665 1436 1757 1472 Impe-

970 1484 1090 1503 ratorem
1100 1475 1200 1504 Hostia
1210 1486 1318 1504 veneno
1328 1476 1413 1503 mixta
1423 1477 1451 1503 in
1462 1475 1660 1504 communione
1678 1486 1756 1503 neca,

970 1515 1048 1544 ville(
1058 1526 1122 1544 ann.
1138 1523 1168 1553 ¹3
1178 1527 1220 1554 ¹3·
1233 1518 1288 1545 FR.
1301 1517 1353 1544 Sed
1363 1526 1426 1544 cum
1436 1515 1494 1544 haec
1516 1516 1601 1545 fabula
1612 1538 1620 1548 ,
1643 1526 1757 1554 pheter-

968 1566 1049 1594 quam
1058 1557 1134 1595 quod
1144 1568 1156 1585 a
1168 1556 1382 1586 Recentioribus
1394 1557 1540 1585 Historicis
1550 1566 1662 1588 narrari,
1672 1557 1757 1595 apud-

968 1607 1021 1635 que
1031 1597 1136 1626 nullum
1149 1608 1182 1626 ex
1192 1598 1267 1625 illius
1277 1598 1329 1626 aevi
1340 1596 1477 1625 historicis
1495 1597 1671 1625 mentionem
1695 1596 1757 1625 lieri

968 1637 1159 1667 Theodericus
1168 1638 1327 1673 Raynaldus
1337 1638 1454 1674 iii-disto
1464 1648 1537 1666 anno
1547 1637 1668 1668 testetur5
1681 1637 1758 1666 fic‘tio

969 1678 1053 1706 nimis
1063 1679 1142 1707 stulta
1160 1679 1284 1706 redditur
1297 1699 1304 1710 ,
1326 1688 1388 1705 cum
1407 1677 1453 1706 hic
1473 1679 1628 1716 Imperator
1645 1688 1758 1706 excom-

968 1719 1118 1748 municatus
1129 1720 1158 1747 in
1169 1719 1231 1747 loco
1242 1718 1472 1747 Boniconvcntus
1483 1719 1620 1757 appellato
1631 1719 1754 1748 Senensis

968 1760 1103 1788 territorii
1113 1759 1216 1789 obierit
1227 1781 1233 1792 ‚
1255 1759 1435 1788 inverisimile
1457 1760 1566 1788 videtui·
1578 1771 1584 1789 ς
1609 1759 1682 1797 quod
1692 1770 1756 1798 pro-

968 1811 1028 1839 pter
1037 1801 1115 1829 unius
1125 1799 1263 1838 Religioli
1274 1799 1405 1828 delicium
1416 1821 1423 1832 ,
1437 1809 1496 1828 tota
1506 1804 1562 1836 ejus
1572 1800 1687 1839 Religio
1697 1811 1756 1839 per<

969 1851 1054 1879 petuo
1065 1841 1134 1869 hanc
1144 1842 1340 1879 poenitentirim
1349 1850 1428 1879 :igere
1437 1840 1565 1869 debuisset
1578 1862 1585 1873 ‚
1609 1841 1627 1869 fi
1639 1840 1690 1868 hoc
1712 1851 1759 1870 vc-

969 1892 1030 1910 riirn
1041 1881 1120 1910 ess'et.
1142 1882 1256 1910 Deinde
1265 1891 1324 1919 qiiae
1347 1882 1512 1919 poenitentia
1532 1881 1570 1909 cst
1581 1880 1661 1910 haec?
1681 1882 1759 1910 Dum

968 1922 1048 1959 hujus
1060 1923 1221 1961 Religionis
1231 1922 1387 1951 Sacerdotes
1400 1933 1456 1949 non
1469 1922 1571 1959 privati
1580 1920 1665 1950 eflent
1677 1923 1759 1952 Alta-

974 1965 1011 1992 ris
1021 1965 1195 1992 §aeramento
1207 1985 1215 1995 ,
1227 1973 1319 2001 parum
1332 1963 1436 1990 relevat
1448 1983 1454 1994 ,
1465 1973 1499 1990 an
1509 1962 1622 1995 sinistra,
1633 1963 1677 1991 vel
1689 1963 1758 1992 dex-

971 2015 1012 2032 tra
1023 2006 1226 2033 Sacramentum
1243 2003 1348 2031 sumant
1359 2023 1366 2029 .
1391 2004 1481 2039 Quare
1499 2003 1530 2031 ab
1548 2002 1758 2033 Institut'oribus

969 2045 1163 2074 caeremoniam
1173 2044 1241 2072 hanc
1249 2044 1406 2072 ordinatam
1419 2042 1493 2071 fuiss'c
1503 2044 1632 2072 existimo
1641 2066 1649 2077 ,
1661 2054 1690 2072 ut
1714 2046 1759 2074 ni-

970 2087 1072 2114 mirum
1083 2107 1091 2118 ,
1114 2085 1263 2124 periculum
1275 2085 1408 2112 versionis
1419 2084 1509 2112 calicis
1529 2085 1666 2121 evitetur,
1689 2085 1756 2115 dum

971 2127 1075 2155 rubrica
1084 2136 1178 2155 eorum
1188 2125 1267 2163 supra
1277 2134 1360 2153 citata
1372 2124 1496 2164 disponit
1506 2125 1550 2154 his
1561 2126 1649 2154 vei-bis
1663 2138 1668 2157 ;
1680 2131 1757 2156 Dex-

970 2177 1032 2196 tera
1042 2178 1129 2196 manu
1138 2175 1232 2194 tenens
1244 2166 1367 2196 caliccmi
1391 2176 1452 2194 nam
1464 2167 1564 2205 agilior
1584 2167 1622 2194 cst
1640 2167 1756 2197 sinisti-a:

970 2209 1082 2237 dextera
1094 2228 1101 2235 .
1124 2209 1192 2235 Non
1202 2205 1265 2234 sunt
1282 2216 1349 2246 ergo
1365 2207 1494 2236 audiendi
1514 2208 1681 2241 Nauclems,
1706 2219 1756 2237 vo-

969 2250 1036 2277 lum.
1061 2261 1086 2277 2.
1096 2258 1196 2287 gener.
1209 2259 1256 2282 44.
1266 2247 1376 2276 Cliton.
1387 2249 1563 2288 Norimbeig.
1585 2247 1756 2287 Vesper-gen.

970 2290 1071 2328 aliique
1080 2290 1149 2317 male
1158 2287 1307 2315 sentientes
1318 2290 1498 2318 Recentiores
1508 2311 1515 2317 .
1536 2301 1542 2316 :
1555 2290 1570 2323 ΙΙ
1586 2301 1592 2317 ;
1615 2291 1649 2317 In
1661 2299 1757 2326 primis

971 2330 1097 2360 Ecclelix
1108 2328 1212 2357 saeculis
1223 2327 1281 2356 haec
1291 2330 1451 2358 communio
1468 2329 1515 2358 sub
1536 2339 1648 2367 utraque
1665 2328 1756 2366 specie

973 2370 1151 2410 recipiebatur
1161 2389 1168 2397 .
1192 2374 1205 2403 (
1217 2369 1292 2398 Vide
1301 2371 1435 2408 Confirmo
1444 2374 1456 2402 )
1466 2372 1502 2398 ita
1514 2381 1543 2399 ut
1553 2369 1756 2412 Celadus—Papa

1421 2412 1449 2440 N
1492 2422 1510 2445 4
1672 2411 1717 2438 [tlh
