1866 2526
447 58 547 100 SA
1230 43 1332 85 SA
1619 53 1694 94 591

95 125 129 154 ad
138 119 358 154 continuandum
375 126 471 147 contra
480 114 638 146 saladinum
650 110 777 153 AEgypti
801 120 893 147 tyran·
951 105 1060 146 auguria
1070 115 1105 135 ex
1115 101 1238 143 corporis
1250 98 1434 143 palpitatione
1443 122 1452 134 ,
1463 103 1492 130 ες
1502 100 1751 130 ῃηῃὼωῃιωμς.

98 175 167 194 num
185 163 287 192 bellum
307 157 440 189 concess'ae
451 178 459 186 .
950 157 1027 178 more
1035 167 1044 175 .
1067 143 1246 182 [salisatores
1258 162 1268 174 ,
1285 150 1348 179 quia
1358 140 1422 168 dum
1433 140 1472 168 eis
1483 141 1667 170 membrorum
1676 150 1751 178 qux-

55 204 256 237 Sainiuomi',
279 201 310 230 ab
320 199 453 238 Hispanis
463 200 556 227 Venus
567 197 604 226 ita
613 195 746 235 appellata
767 194 842 230 [Per
852 191 894 220 fo·
951 197 1066 226 cumque
1084 195 1170 225 partes
1178 181 1319 227 salierint,
1337 180 1443 224 aliquid
1454 180 1502 210 libi
1520 181 1620 209 exinde
1639 179 1752 218 prospe-

97 255 157 275 rum
174 252 252 272 more
268 239 316 270 suo
333 238 510 269 circulatorio
523 238 634 268 Idolum
644 236 813 267 Salaminum
825 235 892 263 Deae
954 240 1014 258 rum
1024 251 1032 262 ‚
1054 227 1100 256 seii
1110 226 1186 255 triste
1195 221 1348 263 fignificare
1358 221 1514 260 praedicunt
1525 241 1532 248 .
1554 221 1652 250 Ilidor.
1664 221 1710 249 lib.
1725 224 1753 247 8.

97 283 307 316 circumferrent
318 301 325 308 .
345 282 371 310 S.
382 280 479 310 Il'idor.
491 280 521 308 in
534 281 591 308 vita
602 279 646 308 SS.
657 277 738 316 Justae
749 298 756 310 ,
777 279 807 305 ὅ(
816 273 895 304 Rufi-
951 270 1070 307 etymol.
1079 277 1138 306 cap.
1148 277 1177 303 9.
1188 264 1257 298 lliic
1267 272 1357 292 autem
1368 271 1471 290 tremor
1480 272 1495 290 a
1508 261 1620 299 justino
1630 262 1754 294 Martyre

96 326 182 357 1222]
208 327 295 353 Erant
305 322 437 360 siquidem
449 321 603 350 fiinffiones
614 319 739 358 lugubres
748 316 894 346 Mulierum
953 308 1076 347 παλμὸς
1092 308 1194 338 dicitur
1206 327 1215 339 ‚
1233 305 1308 344 quod
1317 303 1477 332 animalium
1501 302 1712 340 palpitationem
1721 300 1755 328 si-

98 374 218 396 monem
227 363 367 394 Adonidis
386 362 579 401 plangentium
588 382 596 393 ,
618 369 678 398 quae
687 357 847 396 superstitio
864 356 895 384 ab
953 351 1068 391 gnificat
1078 361 1088 381 ,-
1109 348 1182 378 unde
1193 346 1287 385 inquit
1299 356 1305 372 :
1328 350 1342 379 [
1350 345 1438 372 Porro
1445 341 1568 371 salisatio
1581 343 1620 371 est
1629 351 1677 370 cor
1683 341 1754 379 poris

99 405 224 441 chraeis
235 426 242 437 ,
254 408 282 433 δε
291 404 367 439 Syris
379 411 554 442 provenerat.
565 405 649 437 [Ecce
657 399 701 428 ubi
711 398 844 429 Mulieres
855 394 895 425 se-
954 391 1163 431 pei-peffio‚quae
1174 389 1205 417 in
1214 397 1247 416 eo
1256 383 1378 415 discursu
1389 383 1501 423 spiritus
1514 382 1643 413 naturalis
1653 382 1682 410 iii
1694 381 1753 410 ani-

97 448 194 476 demes
217 445 384 484 plangebant
404 442 566 473 Adonidem
577 462 585 470 .
604 439 745 471 Ezechiel.
763 449 820 476 cap.
843 441 868 465 8.
881 439 894 468 ]
954 433 1088 461 mantibus
1099 430 1209 460 existit.
1228 429 1264 457 In
1274 424 1397 464 respons·
1414 424 1448 453 :id
1467 423 1595 454 Ottliod.
1615 424 1757 461 Interrog-

99 488 184 524 Quod
195 487 225 515 in
237 483 328 514 mense
341 485 409 523 Julii
418 482 616 514 observabatum·
629 490 691 510 nam
700 479 797 509 mensis
807 477 853 507 hic
864 477 895 505 ab
960 475 1026 510 i9-]
1040 472 1112 502 Vide
1123 470 1329 509 Hydromantia
1341 485 1349 493 ·

99 527 226 558 Hebraeis
235 547 245 560 ‚
264 529 292 554 ὃ(
312 525 444 554 Arabibus
460 524 613 553 rhammus
631 521 783 560 appellatur
792 540 800 552 ‚
819 518 895 557 quod
915 515 1045 543 SAiixum
1054 533 1062 540 .
1074 512 1147 542 Vide
1156 511 1300 540 Salarium
1309 526 1320 534 .

98 569 257 599 Adonidem
268 565 419 605 significan
437 564 500 593 ideo
511 563 671 601 praedistum
684 559 837 590 Ezechielis
856 559 896 586 lo-
914 556 1011 584 SALMA
1022 576 1029 583 .
1042 554 1117 584 Vide
1128 553 1289 590 Sagmarins
1297 568 1307 576 .

99 619 161 638 cum
171 609 253 638 LXX-
265 616 424 636 verterunt:
437 611 448 640 [
460 605 624 644 plangebant
633 602 780 632 'rhammus
791 620 799 629 .
813 602 826 632 ]
844 599 895 628 Vi-
917 596 992 624 saio
1003 618 1010 630 ‚
1031 595 1086 624 five
1097 594 1174 623 Salas
1184 614 1192 625 ,
1205 592 1299 620 stultus
1309 609 1317 621 ‚
1336 597 1351 616 a
1362 597 1430 617 voce
1439 596 1528 626 graeca
1535 583 1627 620 σαλὸς
1637 583 1760 621 ejusdem

99 650 133 678 de
143 648 295 686 Astarthm
306 668 315 680 ‚
324 648 479 676 Thammus
492 667 500 673 .
958 635 1167 674 significationis
1183 646 1191 665 5
1215 632 1249 661 fic
1268 629 1422 668 appellatus
1432 627 1468 657 est
1492 628 1517 656 S.
1527 626 1624 656 Simon
1642 626 1743 661 Stylita
1753 646 1761 653 .

60 691 234 720 Sirmii-n
245 708 254 721 ,
262 687 338 725 alapa
349 707 356 714 .
368 693 379 722 [
392 686 573 715 Deledantui·
582 707 590 718 ,
599 695 628 713 ut
638 695 680 714 res
689 685 728 713 est
740 705 746 716 ,
769 681 893 722 stupido·
955 677 1029 706 Vide
1040 676 1187 705 Baronium
1198 684 1240 702 an.
1254 684 1266 708 5
1275 675 1319 705 84.
1330 679 1404 698 num.
1419 680 1426 696 i
1437 678 1462 704 5.
1473 668 1558 706 usque
1567 667 1600 695 ad
1612 677 1659 705 23·
1668 670 1759 705 Atque

102 741 163 760 rum
183 751 192 763 ‚
213 728 344 767 capitibus
361 726 423 755 ralis
440 747 448 759 ‚
470 724 664 764 salappitariim
686 724 754 754 sonu
765 746 772 753 .
804 727 898 753 Arno·
955 719 1020 747 Sala
1043 717 1166 746 foeminae
1180 715 1260 744 satnae
1272 721 1286 739 α
1306 709 1430 740 Palladio
1439 720 1470 737 in
1478 708 1600 738 Lauliaca
1610 728 1618 739 ,
1640 717 1698 746 cap.
1710 718 1759 743 42.

101 773 159 800 bins
169 791 178 803 ‚
201 769 246 797 lib.
256 779 282 800 7.
295 770 307 799 ]
331 767 366 795 de
386 765 482 795 scurris
504 767 627 806 loquitur
639 788 646 800 ‚
669 767 716 806 qui
737 763 842 794 fortass'e
865 762 899 792 ad
955 759 1099 797 appellatae
1110 758 1173 786 lunt
1183 777 1189 784 .
1286 776 1292 778 -

101 809 275 840 excitandum
297 808 327 836 in
342 807 574 836 circumstantibus
592 806 676 836 risum
697 829 705 840 ‚
729 807 822 836 {inunt
843 806 898 834 ala·
915 802 1057 830 Sarouon
1069 801 1145 828 Rex.
1157 795 1232 826 Vide
1239 792 1356 823 Lamud
1365 790 1467 828 ,ophir
1476 809 1483 818 -
1495 791 1558 825 Ejus
1567 787 1678 817 divitiae
1689 808 1698 816 .
1709 787 1761 816 Vi-

104 851 146 890 Pis
155 849 259 889 l’efflffli
270 870 278 881 ‚
301 849 337 877 de
355 849 451 887 quibus
460 849 646 878 Tertullianus
669 854 681 884 [
695 846 811 886 Insuper
832 856 900 874 con-
955 841 989 869 de
998 846 1130 869 Stratum
1143 860 1151 871 ,
1162 841 1325 867 Trinomms
1335 852 1342 860 .

106 891 226 920 tumeliis
244 890 382 929 alaparum
390 889 486 922 objicit
496 911 504 922 ‚
523 889 557 917 de
565 887 679 927 speetac.
692 891 703 920 ]
728 891 768 917 Ac
788 888 825 916 D.
838 888 899 922 Cy·
918 883 1068 912 SALi’icrA
1084 902 1092 914 ,
1102 872 1268 911 σαλπικτῆς
1279 896 1286 907 ι
1300 873 1431 902 Tubicen·
1444 877 1457 907 [
1468 873 1509 900 AC
1521 869 1676 898 nullatenus
1686 868 1762 897 timi-

105 933 214 971 prianiis
225 931 254 958 in
263 931 362 959 eodem
373 930 495 958 traRatu:
512 935 523 964 [
535 930 635 959 Ic'tibus
648 929 758 958 infoelix
770 927 850 957 facies
859 928 900 956 lo—
957 922 1056 951 dorum
1065 932 1142 951 more
1152 919 1275 949 militum
1283 915 1430 944 horrorem
1442 911 1528 944 belli,
1546 914 1576 939 ὃ(
1584 908 1699 938 classicae
1710 908 1763 938 sal-

103 982 178 1001 catur
189 974 202 1004 ]
215 971 289 999 dixit
303 991 310 999 .
325 974 385 1010 Ego
396 981 488 1000 tamen
498 980 548 1009 pro
568 981 646 999 certo
655 970 740 999 habeo
750 990 758 1002 ,
779 980 837 998 non
847 969 898 998 ala-
958 964 1038 1002 piaestae
1050 962 1219 992 muliebriter
1229 963 1430 986 metuentium.
1453 951 1598 982 Aldlielin.
1609 950 1644 979 de
1658 951 1737 989 Virg.
1750 951 1763 981 J

63 1031 67 1036 ·
105 1023 166 1052 pam
178 1033 186 1045 ι
197 1020 226 1055 ¹¹5
237 1012 323 1049 aliqui
333 1012 550 1050 interpretantur
561 1034 568 1046 ,
579 1011 625 1040 sed
634 1011 784 1040 tubicinem
795 1010 899 1049 signifi·
959 1007 994 1033 Et
1001 1004 1099 1033 clarius
1117 999 1228 1033 Salmas.
1246 998 1276 1026 in
1287 993 1384 1034 Vopis·
1408 995 1556 1029 [Centum
1575 990 1697 1029 salpistas
1706 1001 1764 1019 '⁴¹¹0

102 1063 162 1083 care
172 1074 179 1081 .
192 1052 400 1090 Vide'Salpi'c‘fa,
411 1054 516 1091 salpix.
529 1055 584 1083 PR.
595 1052 749 1082 dietionem
760 1061 827 1079 vei-0
835 1056 900 1080 stu-
960 1045 1067 1083 crepitu
1077 1043 1254 1073 concinentes
1266 1060 1274 1072 ,
1285 1041 1313 1066 δε
1321 1043 1434 1064 centum
1442 1033 1595 1063 cerataulas.
1607 1034 1619 1063 ]
1635 1032 1707 1061 Vide
1717 1036 1765 1060 Sa-

101 1103 224 1133 picorum
234 1092 265 1120 iu
274 1093 401 1122 Arnobio
411 1092 488 1132 supra
495 1093 578 1123 allato
587 1093 714 1122 existimo
724 1090 883 1121 mendosam
894 1113 901 1124 ‚
958 1086 1064 1124 lapitta
1073 1107 1080 1118 ,
1091 1086 1188 1123 Salpia·
1199 1102 1206 1110 .

105 1146 132 1164 ic
143 1143 226 1163 eiiam
235 1143 341 1162 comma
351 1143 414 1163 ante
424 1135 538 1164 eandem
547 1134 699 1164 dietionem
711 1133 846 1172 posituim
867 1133 899 1161 fic
921 1127 1027 1156 SALt’ix
1039 1148 1046 1159 ‚
1057 1123 1195 1162 σε’ἰλτιγξ
1205 1145 1212 1156 ‚
1226 1121 1296 1150 tub-1·
1310 1123 1322 1152 [
1337 1116 1499 1146 Horrendus
1508 1113 1640 1153 salpicum
1651 1113 1764 1152 clangor

106 1176 183 1204 enim
194 1174 341 1214 legendum
353 1185 422 1214 puto
433 1196 439 1207 ,
463 1184 563 1214 nempe
573 1187 580 1207 ς
593 1175 795 1211 [Βειεξὶαῃως
805 1195 813 1208 ‚
822 1182 852 1202 ut
863 1184 904 1202 res
961 1165 1137 1205 iiictepniss'et
1147 1186 1154 1193 .
1166 1162 1300 1194 Adhelm·
1311 1161 1324 1190 ]
1339 1157 1412 1187 Vide
1423 1158 1545 1195 Salpic’ta
1555 1176 1563 1188 ‚
1572 1154 1715 1192 Salapina
1727 1177 1733 1184 .

103 1217 142 1245 est
153 1215 324 1254 stupidorum
335 1236 344 1249 ,
355 1216 488 1254 capitibus
498 1217 558 1245 rafis
568 1220 620 1245 ἃς.
922 1208 1091 1237 ΞΑιειῑυοο
1103 1228 1111 1240 ,
1131 1207 1210 1244 lepor
1219 1227 1227 1238 ‚
1251 1206 1278 1231 δε
1294 1198 1450 1235 jucunditas
1467 1193 1602 1226 sermonis
1611 1217 1619 1228 ‚
1652 1194 1763 1233 [Ipsilss

63 1261 195 1288 §Atinii
209 1257 312 1286 verus
323 1277 332 1289 ,
342 1258 440 1285 Roma:
452 1258 495 1285 via
503 1277 511 1285 .
533 1256 607 1285 Vide
617 1257 775 1285 Concilium
787 1276 794 1283 .
820 1256 823 1258 “
968 1248 1045 1277 enim
1054 1247 1187 1276 sermonis
1195 1242 1324 1274 salfitudo
1335 1240 1476 1278 aequaliter
1485 1235 1589 1267 cunetis
1598 1258 1606 1269 ‚
1621 1245 1672 1273 Pro
1682 1245 1712 1264 “t
1724 1235 1768 1263 Vi·

65 1302 218 1329 SALARIUM
230 1317 239 1329 ,
251 1295 456 1326 Halodochiuin
466 1318 474 1329 ‚
500 1297 638 1326 vasculum
647 1295 708 1325 salis
718 1318 726 1330 ,
741 1295 816 1335 quod
827 1295 906 1334 poni-
965 1289 1078 1318 debatur
1088 1309 1096 1321 ,
1117 1288 1148 1317 in
1164 1287 1252 1326 gratia
1271 1291 1327 1312 erat
1337 1280 1450 1309 condita
1459 1300 1469 1308 .
1485 1280 1522 1309 In
1532 1279 1590 1308 vita
1608 1276 1699 1306 Sanst.
1707 1278 1768 1306 Gu-

105 1339 190 1382 turin
198 1335 292 1381 mensa
302 1337 336 1366 ad
345 1336 515 1366 condiendos
526 1338 600 1367 cibos
609 1359 617 1371 ,
629 1337 704 1376 quod
714 1337 811 1366 Italice
822 1338 908 1365 §alie-
964 1330 1041 1358 litmi
1052 1330 1120 1358 Abb-

107 1391 138 1409 ra
148 1379 259 1407 dicitur.
274 1384 286 1414 [
299 1378 444 1408 Coclearia
454 1388 564 1418 quoque
573 1378 730 1411 duodecim,
741 1382 768 1407 ὃς
779 1376 907 1406 salai-jum
924 1372 998 1400 Saisr
1005 1381 1089 1399 Ainus
1100 1392 1108 1403 ,
1127 1370 1303 1398 Saltatarias
1317 1387 1323 1397 ‚
1342 1366 1370 1392 ὃ(
1380 1363 1542 1391 salmasius
1552 1382 1560 1393 ,
1580 1358 1628 1398 ‘lui
1639 1356 1727 1393 sylvis
1738 1362 1768 1387 ὃ(

105 1429 266 1464 argenteum
276 1440 283 1447 .
296 1418 440 1448 Flodoard.
451 1419 499 1448 lib.
513 1432 539 1449 ι.
550 1430 604 1455 04.
617 1421 630 1452 1
644 1420 678 1448 In
688 1417 909 1448 Constitutioni-
966 1411 1074 1450 salqibus
1083 1409 1256 1439 custodiendi
1267 1405 1364 1447 praeest
1375 1425 1384 1438 2
1402 1405 1420 1432 Ῑ·
1433 1403 1466 1432 dc
1476 1402 1558 1431 servo
1570 1399 1691 1438 fugitivo
1702 1420 1712 1432 ι
1733 1399 1768 1428 dc

107 1461 153 1490 bus
163 1460 390 1489 Cistercieiifium
398 1460 527 1488 salinum
535 1460 638 1489 dicitur
649 1471 656 1487 :
677 1458 807 1488 Salarium
817 1469 908 1488 autem
968 1452 1047 1482 furtis
1059 1473 1066 1485 ‚
1078 1453 1096 1481 l·
1109 1452 1143 1480 de
1155 1451 1282 1480 omnibus
1294 1470 1301 1481 ι
1312 1445 1346 1475 de
1356 1444 1546 1475 exercitalibus
1557 1462 1565 1469 ·
1656 1455 1660 1460 “

109 1501 179 1539 apud
189 1503 300 1528 Latinos
310 1499 479 1537 stipendium
489 1500 634 1538 fignificat.
645 1502 702 1529 PR.
713 1509 770 1528 vox
781 1500 909 1528 salinum
926 1494 1057 1523 Sumen
1067 1515 1075 1526 ‚
1094 1491 1218 1521 saltatrix
1231 1512 1240 1523 ,
1259 1490 1294 1518 sic
1304 1486 1439 1526 appellata
1449 1483 1500 1513 fuit
1511 1478 1677 1512 Herodiadis
1687 1478 1743 1508 filia
1755 1489 1769 1507 a

110 1541 149 1569 est
160 1549 225 1569 vere
234 1540 320 1568 latina
329 1560 338 1573 ‚
347 1549 398 1578 qua
408 1540 496 1569 utitur
507 1541 582 1569 Plin.
592 1540 637 1569 lib.
642 1550 654 1578 3
662 1551 674 1579 3
682 1561 689 1567 .
705 1550 777 1578 capa
787 1551 812 1568 z..
824 1543 852 1570 &
862 1540 910 1568 lib.
969 1533 1162 1563 Tertulliano:
1177 1530 1262 1570 [Ipse
1273 1528 1390 1558 clausula
1402 1526 1469 1563 leg¹⁵
1479 1545 1487 1558 ‚
1508 1528 1536 1553 ὃ(
1546 1521 1749 1559 Prophetss‘um
1762 1541 1770 1553 ,

109 1591 123 1620 3
133 1591 160 1617 5·
168 1590 226 1619 ⁶³P·
242 1591 286 1609 iz.
968 1585 1018 1604 nec
1038 1574 1189 1613 Prophetes
1201 1594 1208 1606 ,
1227 1581 1278 1600 nec
1299 1568 1422 1607 Angelus
1443 1565 1530 1594 dictus
1541 1585 1549 1596 ,
1568 1559 1771 1591 contumeliosa

70 1624 281 1666 SALEBRATusg
290 1619 438 1650 s²¹ebr0sus
448 1642 456 1654 ‚
466 1619 542 1658 asper
553 1642 561 1654 ,
573 1629 723 1660 praeruptus
734 1642 742 1653 ‚
758 1620 908 1659 praecipita·
969 1616 1045 1645 caede
1056 1624 1196 1644 truncatur
1206 1613 1234 1641 in
1246 1611 1341 1650 puellae
1354 1606 1453 1637 salticae
1466 1600 1770 1634 1ucar.Advers.Gnost.

111 1672 152 1690 tiis
161 1683 168 1690 .
189 1669 200 1697 [
213 1663 267 1698 Qui
283 1661 419 1690 salebratis
430 1659 564 1690 saxonum
574 1661 695 1691 obicibus
704 1660 836 1690 anfractus
845 1661 905 1700 spu·
968 1667 991 1685 c.
1005 1662 1030 1685 8.
1042 1660 1053 1689 ]
1067 1657 1101 1685 de
1113 1657 1150 1684 D.
1162 1657 1206 1693 Jo.
1217 1656 1295 1691 Bapt.
1304 1649 1428 1690 loquitur
1439 1667 1447 1675 .

111 1702 189 1732 moso
199 1701 315 1732 canescit
325 1702 441 1746 impulsu
454 1722 462 1729 .
473 1702 599 1731 Sidonius
611 1724 619 1736 ‚
632 1704 649 1731 l.
662 1713 671 1731 τ
681 1723 688 1730 .
698 1701 775 1740 epist.
786 1712 812 1740 3.
929 1698 1168 1727 SALVAGUARDIA
1181 1717 1189 1728 ,
1221 1693 1358 1733 protectio
1374 1711 1383 1724 ‚
1408 1688 1453 1717 vel
1472 1685 1594 1716 defeniio
1604 1706 1612 1719 ‚
1632 1682 1753 1712 custodia
1764 1704 1770 1711 .

70 1745 215 1774 ὃΑιεςτΑ
226 1763 233 1772 .
247 1745 303 1772 FR.
316 1743 470 1771 salicetum.
483 1744 583 1771 Buller.
594 1744 688 1772 Casin.
697 1752 767 1771 tom.
778 1754 805 1772 ι.
823 1742 910 1771 const.
975 1738 1081 1773 [Quod
1094 1737 1283 1765 testamentum
1294 1732 1472 1762 confirmatus
1483 1727 1534 1756 fuit
1544 1727 1575 1755 ab
1585 1722 1771 1754 invffiiffifflO

112 1793 162 1820 46.
173 1795 220 1820 75.
233 1795 282 1821 92.
297 1794 305 1811 i
317 1795 326 1812 1
335 1788 360 1812 8.
377 1794 441 1821 ¹43·
971 1783 997 1808 ὃ(
1008 1775 1204 1818 gloriofiffimo
1212 1776 1320 1805 Carolo
1332 1775 1504 1811 Imperatore
1514 1790 1521 1801 ,
1531 1771 1559 1796 ὃς
1568 1769 1648 1805 Rege
1658 1768 1774 1793 Franco-

72 1825 240 1855 Saizxxmi.
252 1826 310 1854 FR-
321 1818 486 1862 Campaniae
499 1823 617 1853 Civitas.
628 1830 642 1860 [
653 1824 721 1859 Quae
732 1822 841 1852 Civitas
852 1833 914 1862 pro·
971 1829 1030 1848 riiiri
1041 1841 1048 1852 ‚
1058 1823 1086 1848 &
1095 1818 1247 1856 diplomate
1257 1815 1305 1844 suo
1315 1815 1344 1843 in
1356 1812 1440 1842 tutela
1449 1831 1456 1842 ι
1469 1813 1496 1838 &
1508 1806 1692 1846 salvaguardiss
1700 1806 1773 1836 istud

114 1875 175 1910 pter
184 1875 257 1894 mare
268 1865 448 1908 conti-guum.
468 1864 543 1903 quod
554 1863 643 1893 solum
652 1864 805 1902 appellatur
815 1885 822 1897 ,
841 1867 868 1892 δ(
879 1864 914 1892 ob
971 1859 1173 1890 Monastcrium
1184 1879 1192 1891 ‚
1212 1861 1239 1886 ὃ(
1250 1853 1399 1886 Monachus
1420 1851 1521 1880 ibidem
1531 1851 1596 1878 Deo
1615 1847 1775 1876 deservien'-

114 1916 223 1950 rivum,
237 1915 283 1943 qui
293 1905 399 1933 dicitur
409 1906 518 1937 Lirnus,
528 1915 563 1933 ex
573 1905 675 1933 duobus
687 1904 824 1942 corruptis
835 1915 913 1932 voca·
975 1911 1015 1929 tes
1025 1922 1033 1933 ,
1045 1910 1106 1928 cum
1119 1897 1310 1936 dependeiitiis
1322 1894 1413 1934 posuit
1426 1914 1432 1923 .
1445 1895 1474 1920 δε
1486 1889 1589 1928 accepit
1603 1909 1610 1921 ,
1633 1889 1669 1917 In
1680 1887 1775 1917 sunda-

114 1947 182 1976 bulis
192 1968 200 1979 ‚
211 1947 353 1975 Salernum
363 1945 497 1984 appellata
507 1945 545 1974 est
556 1965 564 1973 .
578 1947 754 1984 Herempert.
766 1945 895 1983 Epitome
905 1966 914 1978 ‚
975 1941 1054 1970 tione
1065 1939 1181 1968 Monast.
1198 1937 1359 1966 Vezalicen.
1373 1946 1406 1964 ex
1425 1930 1599 1962 Bibliotheca
1607 1928 1776 1958 Cluniacen.

113 1998 178 2016 ann·
190 1992 257 2020 786.
371 2026 376 2030 ι
972 1991 1100 2019 excerpta
1114 2005 1118 2008 .
1133 1982 1144 2010 ]
1170 1983 1203 2007 Et
1216 1978 1315 2006 ibidem
1328 1975 1458 2003 inferius:
1484 1977 1495 2007 [
1508 1970 1778 2000 Monasteriumcum

76 2029 241 2058 sarcinum
255 2047 262 2055 .
272 2025 426 2055 Cellarium
436 2047 444 2059 ,
454 2026 511 2055 five
518 2026 587 2055 cella
597 2025 723 2064 penuaria
738 2025 799 2055 ,vul
822 2027 916 2063 oDis-
973 2022 1093 2052 Ancillis
1103 2021 1166 2049 Deo
1177 2017 1358 2047 servientibus
1369 2017 1398 2044 in
1407 2013 1612 2054 proteftionem
1623 2032 1631 2045 ,
1651 2008 1780 2040 &salva-

114 2077 148 2107 pe
155 2069 206 2113 asa
216 2090 223 2101 ,
234 2071 261 2097 ὅ(
271 2076 365 2107 greco
375 2067 507 2096 vocabulo
515 2062 664 2104 σᾶλγαμα
675 2089 683 2100 ,
693 2066 769 2105 quod
778 2076 793 2094 e
806 2067 916 2095 ‹ulenta
970 2062 1109 2102 guardiam
1119 2059 1224 2098 accepit
1233 2079 1240 2087 ·

115 2109 260 2154 fignificat.
275 2113 286 2143 [
300 2110 335 2136 Et
347 2106 494 2151 salgamum
503 2107 620 2146 politum
630 2117 691 2136 ante
703 2107 816 2135 domum
826 2106 917 2146 supra·
934 2105 1160 2133 Samaritarum
1172 2121 1182 2136 ,
1192 2100 1276 2128 salus:
1287 2104 1301 2134 [
1312 2095 1507 2127 Cuinlionore
1519 2115 1528 2128 ‚
1548 2097 1576 2124 &c
1584 2092 1757 2123 salvamento
1767 2098 1776 2107 ·

114 2151 210 2188 scripti
222 2147 398 2177 Monastern.
411 2150 436 2178 S.
447 2151 566 2188 Gregor.
577 2148 606 2176 in
614 2147 721 2186 Regist.
733 2148 779 2176 lib.
793 2157 820 2183 ς.
837 2148 916 2186 epist.
979 2144 1123 2173 Hincmar.
1133 2140 1274 2171 Rhemen.
1286 2138 1365 2177 epist.
1379 2142 1404 2166 8.

115 2202 163 2226 44.
177 2192 188 2221 ]
211 2189 258 2217 sed
267 2189 424 2218 Columella
436 2211 444 2222 ‚
462 2190 508 2218 lib.
525 2200 581 2221 ιι..
591 2198 649 2226 cap.
662 2198 707 2226 53.
720 2188 896 2227 Salgniarium
909 2210 916 2222 ‚
937 2186 1080 2214 Snvnrox
1095 2205 1103 2216 ‚
1115 2185 1187 2220 Papa
1200 2202 1207 2209 .
1228 2181 1302 2209 Vide
1311 2185 1386 2208 Soter
1397 2183 1406 2206 .“
1424 2177 1450 2206 S.
1461 2176 1608 2206 Salvatoris
1618 2177 1716 2204 Romae
1727 2176 1778 2202 Ec-

115 2229 354 2277 Salsamcutzirium
366 2230 527 2269 intelligere
537 2228 657 2259 videtur.
673 2228 746 2258 Vide
755 2234 917 2267 Promptua.
976 2225 1072 2253 (lesia.
1086 2223 1160 2252 Vide
1170 2223 1408 2258 Constantiniana
1418 2217 1538 2255 Ecclesia
1551 2239 1559 2250 ‚
1577 2217 1720 2246 porticani
1730 2234 1738 2241 .

114 2282 190 2300 rium
200 2292 207 2299 .
941 2268 1031 2297 Snivr.
1044 2267 1166 2294 Rzomn
1179 2285 1186 2296 ,
1197 2264 1266 2291 ch
1277 2259 1442 2300 Antiphona
1450 2259 1600 2297 composita
1613 2256 1663 2284 fuit
1674 2266 1688 2284 a
1696 2256 1780 2283 Petro

76 2313 270 2342 SALiNAiuuhi
281 2330 288 2338 -
303 2310 378 2340 Vide
389 2314 538 2349 Pedagi'um
546 2330 556 2339 .
983 2304 1213 2344 Compossellano
1223 2325 1230 2335 ,
1243 2312 1273 2331 ut
1282 2302 1366 2332 refert
1377 2300 1524 2330 Durandus
1536 2320 1544 2331 ‚
1562 2298 1609 2326 lib.
1620 2309 1647 2332 4.
1657 2306 1680 2324 c.
1692 2307 1739 2325 22.
1750 2294 1780 2323 ab

73 2353 321 2383 SALISBURGENMS
334 2353 467 2382 Civirns
477 2372 485 2379 .
498 2351 571 2380 Vide
579 2356 678 2380 Sarum
686 2370 695 2379 .
981 2349 1146 2376 Hermanno
1155 2344 1308 2373 contracto
1317 2342 1365 2371 alii
1377 2350 1482 2380 putant.
1491 2337 1664 2369 Tritcmjiib.
1677 2341 1781 2371 2.c.84.

77 2395 280 2427 SALISATORES
290 2414 299 2428 ,
319 2393 395 2433 Magi
406 2414 414 2428 ,
435 2392 491 2424 live
500 2392 683 2422 Divixiatores
691 2412 701 2426 ‚
720 2390 767 2431 qui
779 2389 918 2420 sumebant
981 2388 1090 2418 Sanetus
1101 2396 1193 2415 tamen
1202 2384 1356 2416 Bernardiis
1366 2384 1492 2412 Clemens
1503 2392 1515 2410 o
1526 2383 1592 2418 Pia,
1602 2391 1615 2408 o
1623 2378 1713 2408 dulcis
1728 2382 1783 2406 Vir-

1706 2429 1740 2456 go
