1866 2526
99 105 256 149 quidemin
262 108 430 136 Deiromm3
451 105 760 136 aliusinssemieiomm
772 100 890 143 provin-

104 149 168 180 cis-2
183 147 296 176 slius‘in
304 145 450 186 provincia
457 148 616 179 Pic'torum,
635 155 696 185 quae
706 155 770 174 tunc
783 153 890 182 tempo-

98 190 136 220 ris
145 188 299 226 Angloram
311 197 369 217 erat
379 187 500 226 imperio
508 186 623 222 subjesta
632 198 642 218 ς
652 187 718 215 alius
727 185 848 224 denique
861 185 890 214 in

99 229 244 270 provincia
252 229 361 266 Lindiſs
373 249 383 261 ,
403 237 435 256 ut
444 229 522 257 Beda
541 228 615 264 [lib.
625 239 652 263 4.
661 238 686 256 c.
702 229 766 258 ¹2·]
790 235 870 255 vocat
880 245 888 258 ‚

98 271 147 311 qui
167 279 252 308 nuper
271 279 306 298 ex
318 269 430 298 dioecefi
450 272 479 298 ἃ
489 279 577 308 regno
586 273 756 298 Merciamm
773 266 890 297 adscitus

96 320 156 341 erat
167 331 175 343 ‚
197 321 249 339 nec
272 311 361 339 multo
383 310 444 348 post
466 320 500 338 eo
522 310 610 339 rursus
632 311 769 349 relegatus
778 330 786 337 .

136 353 269 390 Magnum
279 360 394 390 regnum
403 354 570 380 Merciorum
581 350 833 390 (comprehendens
843 358 890 376 co-

95 391 308 429 mitatusGlocest
312 396 336 420 r.·'
338 392 440 428 ensem,
445 397 484 420 He
488 390 573 429 rfhrdi
576 393 665 430 ensem
670 390 876 429 ,W'gorniensem
881 409 888 421 ,

98 433 468 470 Varvicensem‚Liccstriens
464 433 803 471 em‚N0tt1nghamensem,
815 430 887 459 Bed-

90 471 773 512 fitrdimsem,Rmkainghmensem‚0x0niensem,
782 472 887 499 Darba‘-

98 514 371 552 ensem,Cantabrigi
375 515 476 551 ensem,
486 513 681 551 Rutlandieus
676 523 730 544 em,
739 512 889 541 Nerthum-

97 555 260 592 tom'ensem,
269 556 495 592 Lincolmensem,
507 554 740 593 Staffirdiensem,
750 553 887 589 Salopien-

92 595 358 632 sem‚Cestriensem,
372 599 399 624 s&
409 605 443 624 ex
456 603 533 634 parte
542 593 794 633 Herefordiensem)
803 593 887 622 initio

98 635 227 663 dioecefis·
238 635 291 663 fuit
302 637 381 664 unius
392 645 498 664 tantum
507 634 728 674 episcopi‚quem
740 634 817 662 Beda
828 634 872 672 ple

97 677 370 714 rumqueAnglerum
378 676 452 705 Medi
458 686 641 705 terraneorum
651 675 709 703 {ive
718 678 887 703 Marciorum

98 715 259 754 episcopum
268 717 375 746 vocitat
384 738 393 750 ,
404 720 479 752 cujus
490 716 565 745 sedes
573 714 757 754 Licbtfeldia,
771 716 846 754 regia
856 719 883 744 ὅ(

97 757 266 794 metropolis
282 757 362 796 regni
380 760 487 786 Merciae
503 770 515 791 ;
546 756 630 795 usque
647 757 713 785 dum
732 757 802 784 circa
819 767 882 784 ann.

98 797 320 826 DCLXXVIII.
339 808 412 826 nova
432 797 508 826 sedes
527 797 690 836 episcopalis
698 797 882 833 Sidnacestria

98 836 271 866 incomitata
283 839 474 877 Lincolnienfi,
485 843 514 868 δε
522 838 674 878 aliquando
684 837 744 877 post
753 838 806 866 alia
815 842 884 865 Dor-

96 879 196 914 cestn'ae
208 880 239 908 in
247 879 385 913 comitatu.
392 879 540 918 oxoniensi
547 881 701 918 erigeretur
710 901 718 912 ,
728 888 788 918 quae
799 878 882 907 ambae

94 918 192 957 poste-a
199 919 288 948 unitae
297 923 326 949 ὃς
333 918 507 951 ὶέηεὸὶηίαηι
517 930 628 949 remotae
639 919 704 948 sunt
711 940 721 948 .

140 959 183 987 Di
187 961 280 990 oecefis
298 962 476 1000 Vintonienfis
494 962 592 1000 primis
607 961 774 999 temporibus
793 959 887 988 admo-

97 999 164 1027 dum
176 1001 232 1029 late
244 1003 342 1038 patuit,
351 1003 498 1031 continens
507 1001 601 1031 omnia
609 1008 749 1031 Saxonum
758 1001 887 1029 occiden-

97 1039 196 1067 talium
206 1050 290 1078 regna
300 1063 309 1074 ‚
330 1041 419 1071 donec
430 1043 461 1071 ab
469 1048 521 1072 Ina
530 1053 595 1081 rege
610 1042 640 1070 in
650 1042 848 1078 Vzmoniensem
858 1045 887 1070 δ(

97 1079 334 1118 (llaerofontanam
343 1084 501 1116 (Sberbom)
511 1083 774 1120 an.DCCV-dcspes'
769 1090 885 1110 teretur.

97 1120 219 1157 Quarum
229 1122 366 1159 posterior
375 1123 479 1152 deinde
492 1122 633 1152 subdivisa
652 1122 705 1151 suit
714 1124 743 1150 in
753 1121 885 1150 dioeceses

98 1163 279 1205 Cornabiens
274 1174 317 1191 em
326 1185 334 1196 ‚
348 1165 554 1202 Devoniensem
564 1185 571 1196 ,
581 1164 885 1200 Somersettmfemffil-

97 1204 249 1239 tondensem
260 1204 270 1236 ³,
281 1207 309 1232 δε
319 1206 558 1241 Daret-fardensem,
569 1213 682 1242 quarum
692 1203 816 1242 quaedam
827 1213 882 1231 rur-

101 1243 144 1272 sus
153 1243 241 1272 unitae
249 1243 451 1278 constituerunt
465 1243 595 1273 dia-ceses
606 1244 752 1280 Exoniens
747 1255 800 1276 em,
811 1245 883 1272 VVel-

95 1284 217 1321 lenfim’,
235 1285 465 1322 Salixeburieasem
481 1289 510 1314 &
529 1285 731 1321 Bristolienfem
743 1305 750 1317 ‚
769 1294 799 1312 ut
811 1295 882 1313 nunc

97 1324 129 1353 in
140 1323 271 1362 praesenti
283 1324 370 1354 forma
379 1325 616 1355 &constitutione
633 1325 751 1353 ecclefiae
765 1324 862 1354 sedent
874 1347 880 1354 .

95 1368 139 1394 Ex
147 1373 205 1403 quo
214 1365 281 1394 licet
291 1366 356 1394 colli
409 1378 424 1396 e
434 1388 442 1400 ,
461 1365 593 1395 dioeceses
603 1364 768 1404 episcopales
778 1366 810 1394 in
820 1371 882 1396 An-

91 1406 155 1443 glia
163 1404 234 1434 olim
243 1406 332 1435 multo
371 1410 457 1443 ajores
467 1406 547 1436 fuisse
555 1428 563 1440 ‚
574 1416 657 1445 quam
664 1417 736 1435 nunc
746 1406 810 1435 sunt
821 1428 829 1440 ,
839 1418 882 1435 ec—

95 1446 234 1485 clesiiquc
243 1444 436 1485 proffipientia
443 1447 487 1476 sua
497 1447 555 1477 illas
571 1447 677 1486 semper
687 1448 735 1476 vel
744 1448 882 1486 multipli-

97 1485 156 1515 care
165 1488 210 1515 vel
219 1487 384 1516 contrahere
394 1487 752 1526 consuevisse.Quamquam
763 1489 877 1516 nonnul*

97 1527 132 1554 1ae
143 1527 224 1554 etiam
236 1537 308 1555 nunc
317 1528 386 1556 adeo
394 1527 519 1567 spatiose
531 1528 605 1561 sunt,
614 1537 644 1556 ut
655 1549 663 1560 ,
674 1529 693 1557 fi
704 1538 765 1556 cum
775 1528 882 1568 quibus-

98 1566 161 1594 dam
169 1567 288 1605 antiquis
305 1568 464 1598 dioecefibus
473 1569 591 1597 Italicis·
604 1568 783 1598 conferantur
795 1591 803 1602 ‚
820 1570 882 1598 illa-

102 1615 163 1636 rum
174 1616 227 1635 una
237 1607 332 1636 decem
342 1609 388 1637 vel
398 1619 409 1637 x
418 1608 502 1648 iginti
513 1619 546 1637 ex
557 1608 641 1642 hisce,
650 1620 710 1648 quae
722 1616 807 1640 Roma
818 1620 882 1650 pro-

97 1647 261 1686 pinquiores
270 1658 349 1678 erant
358 1649 470 1688 aequalis
481 1648 533 1678 este
542 1648 764 1688 deprehendatur
773 1671 781 1679 .

139 1688 256 1718 Restant
265 1700 336 1718 nunc
346 1689 533 1719 examinandae
543 1690 648 1719 ultimae
662 1695 878 1722 Britanniarum

97 1727 222 1758 dioecefis
233 1730 387 1768 provinciae
398 1752 406 1764 ,
418 1740 518 1769 nempe
527 1735 618 1760 Scotia
627 1735 656 1760 &
667 1733 804 1762 Hibernia
812 1754 820 1761 .
832 1734 877 1762 De

98 1769 244 1807 primitivo
261 1771 420 1801 djoecefium
440 1771 636 1810 episcopalium
656 1772 724 1802 statu
744 1774 775 1802 in
790 1778 881 1803 Scotia

98 1811 216 1839 Carolus
233 1823 253 1840 a
261 1818 287 1841 S.
300 1813 388 1841 Paulo
398 1835 406 1846 ,
426 1813 486 1842 luce
495 1812 640 1841 destitutus
649 1812 781 1844 historica
791 1836 800 1848 ‚
820 1826 868 1844 nar

97 1859 158 1879 rare
168 1849 241 1879 nihil
251 1853 341 1890 potuit
351 1875 359 1885 ,
380 1853 501 1892 ideoque
511 1853 667 1883 recentiora
675 1854 819 1884 dumtaxat
829 1866 887 1896 nos

99 1892 173 1919 mina
194 1892 371 1932 confignavit
381 1915 390 1927 ‚
411 1903 442 1923 ut
462 1893 612 1933 sequuntur
622 1915 630 1922 .

139 1932 192 1960 Sub
201 1932 409 1973 archiepiscopo
420 1941 446 1964 S.
458 1935 573 1964 Andrea
584 1936 648 1964 οᾶο
660 1934 724 1965 sunt
735 1936 884 1976 Episcopa—

103 1981 146 2001 tus
157 1994 165 2006 ‚
187 1973 320 2002 videlicet
343 1985 366 2002 1.
391 1975 590 2014 Dunkeldenfis
599 1996 608 2004 .
634 1988 660 2006 2.
679 1978 866 2016 Brechinenfis
876 1998 884 2005 .

98 2023 126 2051 3.
139 2014 336 2052 Aberdonenfis
347 2035 355 2042 .
377 2027 406 2051 4.
428 2016 555 2055 Roffmfis
564 2036 573 2044 .
594 2026 619 2053 ς.
635 2019 820 2057 Moraviensis
828 2039 837 2048 .
856 2025 883 2048 6.

93 2054 285 2093 ‚Cathanensts
295 2076 302 2083 .
313 2066 340 2088 7.
351 2057 563 2095 Dumblaenenfis
573 2077 581 2085 .
595 2062 621 2086 8.
631 2060 809 2097 orchadensss
819 2080 829 2088 .

137 2095 190 2124 Sub
197 2095 404 2135 archiepiscopo
413 2097 574 2135 Glascuenfi
581 2107 646 2127 tres.
653 2109 662 2126 ι
669 2119 675 2125 .
686 2101 817 2130 Candida
829 2106 884 2130 Ca-

91 2135 127 2172 sae
138 2155 146 2162 .
159 2147 186 2165 2.
197 2136 375 2175 Lifiwomnfis
385 2149 395 2169 ‚-
407 2148 435 2176 3.
444 2139 606 2176 Iasularum
615 2160 623 2173 ‚
640 2138 693 2168 hoc
704 2141 742 2168 cst
753 2161 762 2173 ‚
783 2143 884 2170 Hebri—

94 2177 164 2204 dum
181 2177 228 2206 seu
245 2178 475 2211 occidentalium,
494 2188 609 2218 quarum
628 2190 644 2208 e
659 2180 883 2220 praecipuisJona

96 2215 150 2244 fiait
163 2236 171 2244 .
182 2219 282 2248 Sodora
291 2240 300 2252 ,
310 2219 441 2257 primaria
455 2218 536 2256 hujus
547 2218 642 2248 insulae
651 2221 749 2250 civitas
759 2243 767 2254 ,
789 2232 803 2250 a
813 2227 880 2251 Gre-

83 2259 166 2297 gorio
182 2260 235 2288 1V.
256 2269 330 2288 anno
347 2260 520 2290 DCCCXL.
538 2259 569 2289 in
585 2259 677 2290 sedem
697 2260 880 2301 episcopalem

91 2298 186 2327 evesta
195 2299 234 2327 est
245 2321 254 2333 ‚
275 2300 349 2330 unde
359 2300 500 2340 episcopus
511 2299 608 2330 harum
617 2302 799 2342 quadraginta
814 2314 880 2342 qua-

89 2346 155 2367 tuor
172 2339 322 2370 insularum
338 2341 465 2371 omnium
483 2351 537 2371 una
553 2351 616 2371 cum
626 2347 751 2372 Mannia
769 2342 856 2374 infida
869 2367 877 2379 ,

84 2383 152 2421 ΨΩ
162 2389 227 2413 ωηο
239 2383 372 2423 temporis
380 2392 440 2423 pars
450 2383 594 2414 dumtaxat
602 2383 682 2422 huqus
690 2385 803 2424 diecefis
813 2385 875 2421 fuit⁴

1241 45 1285 86 D
1316 46 1335 86 1
1600 54 1676 99 267

943 111 1050 132 nomen
1070 100 1193 141 episcopi
1212 101 1361 140 Sodorenfis
1380 99 1474 130 habuit
1483 121 1490 128 .
1508 101 1628 138 Quando
1639 114 1730 135 autem

940 144 1064 174 Mannia
1081 141 1169 172 insula
1189 143 1218 171 in
1235 142 1399 181 potestatem
1418 140 1500 170 venit
1518 144 1611 181 gentis
1627 147 1731 184 Angla-

941 195 1006 213 rum
1017 205 1025 217 ‚
1046 181 1141 212 insulae
1151 183 1335 213 occidentales
1348 183 1435 212 veteri
1445 179 1493 211 suo
1505 182 1643 223 Episcopo
1655 207 1662 218 ,
1685 187 1732 225 qui

944 224 975 253 in
984 223 1034 253 hac
1046 224 1133 253 insula
1143 225 1241 253 vivere
1250 223 1363 257 solebat,
1377 223 1598 262 ampliusparcre
1609 225 1731 255 recusan-

943 275 984 294 tes
992 264 1056 304 ipsae
1067 265 1115 295 fibi
1123 265 1283 304 episcopum
1293 265 1499 294 constituerunt
1507 263 1649 304 separatim
1663 289 1671 301 ,
1683 269 1730 306 qui

941 306 990 336 diu
1001 306 1116 339 titulum
1125 305 1246 346 episcopi
1257 305 1405 343 Sodorenfis
1416 305 1532 335 retinuit
1543 329 1551 341 ‚
1561 308 1673 337 tandem
1685 318 1734 337 ve-

942 357 974 376 ro
985 345 1115 386 episcopo
1124 351 1244 377 Mannia
1258 347 1353 376 insulae
1365 346 1445 376 illum
1456 347 1577 386 reliquit,
1587 349 1732 388 adsumpto

945 389 1028 417 titulo
1040 388 1166 426 insulani
1178 410 1186 423 ,
1205 399 1286 428 quem
1306 398 1380 417 nunc
1391 387 1473 416 etiam
1492 389 1594 419 retinet
1603 411 1611 418 .
1632 391 1684 420 Sed
1696 391 1730 419 de

943 428 1063 468 antiquis
1086 429 1246 459 dioecefibus
1264 441 1321 459 non
1339 429 1407 458 adeo
1423 427 1561 459 sollicitos
1574 442 1622 459 nos
1633 430 1732 460 esseo-

943 480 1034 509 portet
1046 481 1054 501 ÷
1079 481 1136 499 non
1153 471 1230 499 enim
1249 470 1375 500 habemus
1394 469 1460 508 quid
1478 470 1513 500 de
1529 470 1574 500 his
1602 472 1731 502 distinete

942 515 969 539 ἃ
980 510 1122 549 sigillatim
1142 511 1286 542 reseramus
1296 535 1304 546 ,
1326 519 1424 550 utpote
1444 512 1525 541 certis
1544 514 1731 543 monumentis

942 551 1083 580 destituti.
1096 552 1196 587 Quoad
1205 554 1371 582 Hiberniam
1381 562 1471 581 autem
1482 575 1489 586 ,
1513 563 1631 592 quatuor
1642 556 1672 585 in
1679 554 1730 584 hac

942 592 1090 631 provincia
1102 593 1384 633 archiepiscopatuum
1396 592 1427 622 fit
1437 595 1544 623 mentio
1555 618 1562 629 ‚
1572 595 1620 625 sub
1634 595 1730 635 quibus

941 642 1059 671 quatuor
1069 644 1177 674 quoquc
1187 633 1457 674 archiepiscopicum
1467 635 1602 676 episcopis
1613 636 1666 666 suis
1676 636 1730 666 suf-

941 674 1076 712 fraganeis
1086 675 1261 704 recensentur
1275 696 1283 704 .
1298 677 1407 704 Horum
1419 686 1562 706 numerum
1573 699 1582 711 ‚
1605 679 1639 707 ad
1648 680 1730 718 quin-

940 714 1074 753 quaginta
1082 725 1136 744 tres
1146 717 1298 750 adaufturn,
1308 717 1447 756 catalogus
1457 717 1486 746 in
1493 720 1665 756 provinciali
1677 725 1729 749 Ro—

939 765 1021 784 mano
1032 776 1040 788 ‚
1060 767 1074 784 a
1084 758 1180 786 Carolo
1199 769 1217 785 a
1226 762 1251 786 8,
1265 759 1351 786 Panlo
1372 757 1401 785 in
1413 758 1592 798 geographie:
1615 756 1669 789 suae
1679 771 1727 799 ap-

939 795 1056 834 pendice
1068 797 1216 835 publicatus
1225 819 1233 831 ,
1242 797 1297 826 hoc
1306 798 1406 827 ordine
1415 798 1528 828 exhibet
1539 821 1546 828 .

977 837 1210 877 Archiepiscopus
1218 839 1375 868 Armua-bia
1385 839 1488 868 Prinns
1497 840 1582 869 totius
1591 841 1727 870 Hibernia

939 875 989 906 hos
998 876 1078 907 habet
1085 878 1284 919 suffraganeoz:
1307 891 1330 908 1.
1351 883 1582 918 connerinensem
1592 902 1600 909 .
1626 894 1652 911 z.
1672 887 1729 911 De-

941 929 1100 949 connannas
1111 941 1119 948 .
1144 931 1170 959 3.
1188 921 1416 958 Dcdamltaliagg
1425 943 1433 949 .
1447 933 1474 957 4.
1485 923 1710 961 Dedundaleglas
1722 946 1728 951 .

944 969 969 994 5.
980 962 1167 991 Deardachad
1175 981 1183 989 .
1207 968 1234 990 6.
1246 963 1425 1000 Ingudunum
1435 982 1443 989 .
1467 974 1493 994 7.
1503 965 1662 993 Dedarrich
1672 985 1679 992 .
1705 969 1729 992 8.

943 1002 1134 1030 Derarhboth.
1157 1013 1186 1038 9.
1209 1004 1368 1039 Dunensem
1381 1024 1388 1034 ‚
1411 1002 1476 1031 alias
1493 1006 1710 1042 Drumorensem
1723 1026 1729 1032 .

949 1043 1207 1075 10.Elvalmirand‚
1219 1043 1275 1072 five
1283 1043 1447 1079 Midenfem.
1462 1054 1470 1072 ι
1484 1054 1505 1071 1.
1516 1046 1729 1083 Deratbluring.

947 1094 990 1113 12.
1001 1084 1151 1120 Renensem
1164 1105 1171 1117 ,
1194 1085 1239 1113 vel
1252 1084 1429 1120 Revelmsem
1440 1106 1446 1117 ,
1458 1085 1503 1113 vel
1515 1087 1707 1125 Crocorensem
1720 1107 1727 1113 .

945 1135 988 1163 13.
1001 1125 1185 1161 cluanensem
1197 1146 1205 1158 ,
1226 1125 1288 1153 alias
1308 1124 1522 1162 Clunerdensem
1533 1147 1540 1154 .
1569 1137 1612 1162 ¹4-
1634 1128 1732 1158 Rachi-

939 1166 1078 1202 nasenscm
1089 1186 1097 1198 ‚
1123 1166 1167 1194 vel
1198 1165 1405 1202 Rothbotenscm
1415 1186 1422 1192 .
1451 1176 1460 1194 1
1470 1175 1494 1201 5.
1513 1169 1731 1205 Artagadonen-

933 1207 994 1243 sem
1006 1227 1015 1239 ,
1038 1207 1084 1235 vel
1112 1206 1357 1244 Ardocadensem.
1394 1212 1438 1235 16.
1462 1210 1641 1245 Canerensem
1652 1229 1659 1236 .
1688 1219 1729 1242 ¹7-

936 1247 1117 1285 Heugamens
1112 1257 1154 1275 em
1163 1268 1170 1274 .

979 1286 1212 1326 Archiepiscopus
1230 1287 1409 1325 Dublinenfis
1429 1286 1482 1317 hos
1503 1288 1584 1318 habet
1601 1288 1729 1330 suffraga-

939 1337 1005 1356 neos
1015 1342 1025 1357 .·
1053 1339 1076 1357 1.
1086 1328 1330 1365 Glandelacens'em
1341 1350 1347 1356 .
1374 1341 1398 1357 ι.
1420 1329 1631 1368 Chaldetenfem
1645 1353 1654 1365 ‚
1665 1332 1730 1361 alias

939 1370 1131 1407 Kiscarensem
1142 1389 1149 1397 .
1173 1380 1199 1408 3.
1210 1371 1374 1407 Fer-oensem
1384 1389 1392 1396 -
1408 1381 1438 1405 4.
1459 1372 1586 1408 Gleusem
1596 1373 1640 1402 vel
1650 1375 1729 1402 Clui-

931 1410 1074 1447 sonensem
1083 1431 1090 1438 .
1116 1420 1142 1445 5.
1161 1410 1323 1449 Offinensem
1333 1431 1340 1438 .
1365 1416 1391 1438 6.
1420 1413 1574 1449 Darensem
1583 1433 1590 1441 .
1615 1424 1642 1446 7.
1660 1418 1730 1442 Gai-

937 1451 1022 1479 ninch
1031 1471 1038 1478 .
1064 1455 1088 1478 8.
1098 1451 1295 1489 Licehnensem
1307 1471 1313 1478 .
1336 1449 1569 1491 Archicpiscopus
1581 1454 1730 1491 Caffellen-

929 1490 968 1528 fis
980 1490 1031 1519 hos
1040 1489 1121 1519 habet
1132 1491 1313 1531 suffraganeos
1327 1503 1332 1520 :
1362 1503 1385 1520 1.
1398 1495 1650 1532 Decena'alnensem
1662 1517 1670 1528 ,
1682 1495 1729 1524 vel

935 1533 1103 1569 Laonensem
1115 1553 1122 1560 .
1134 1544 1161 1562 ι.
1172 1533 1350 1570 Derostreens
1345 1543 1386 1560 em
1396 1553 1403 1565 ,
1416 1533 1461 1561 vel
1471 1533 1727 1572 VVldtfordianum.

937 1583 964 1610 3.
975 1572 1212 1612 Deartfertensem
1225 1595 1231 1601 .
1256 1585 1284 1608 4.
1293 1573 1402 1602 Lunech
1411 1594 1417 1600 .
1432 1584 1456 1608 5.
1469 1575 1667 1613 Ltsmorensem
1679 1596 1686 1604 .
1699 1582 1727 1604 6.

935 1614 1174 1651 firmaberensem
1186 1635 1192 1646 ‚
1218 1614 1262 1642 vel
1271 1614 1493 1653 Fymbarrensem
1503 1635 1510 1642 .
1523 1626 1549 1648 7.
1560 1619 1602 1644 De
1614 1618 1727 1654 Insula.

939 1658 964 1682 8.
985 1654 1209 1692 Dedmmamens
1204 1666 1246 1683 em
1257 1676 1264 1687 ,
1288 1655 1351 1682 alias
1380 1655 1565 1693 cluanensem
1574 1676 1581 1683 .
1604 1668 1635 1693 9.
1653 1662 1728 1687 Lau-

935 1695 1045 1732 densem
1056 1715 1063 1722 .
1091 1705 1134 1723 10.
1146 1695 1276 1724 Carthax
1287 1715 1294 1722 .
1322 1706 1330 1722 1
1343 1706 1364 1723 ι.
1375 1696 1570 1731 Tubricenfem
1581 1716 1588 1724 .
1616 1708 1659 1727 12.
1671 1702 1727 1735 pe-

937 1735 1156 1764 celleninabmch
1165 1756 1172 1763 .
1191 1747 1198 1763 1
1207 1747 1233 1774 3.
1243 1739 1415 1773 Deconeagi.z
1425 1757 1433 1769 ‚
1459 1738 1503 1765 vel
1517 1739 1708 1776 Corcayensem
1719 1759 1727 1768 .

941 1787 950 1803 1
959 1787 985 1811 4.
996 1772 1226 1814 Trtfertelenseni'
1234 1797 1243 1804 .
1272 1787 1281 1804 1
1292 1785 1316 1812 5.
1326 1777 1469 1805 Denulech
1479 1799 1486 1810 ,
1501 1778 1561 1807 alias
1570 1780 1728 1808 Umblicen-

932 1817 993 1854 sem
1001 1831 1011 1844 ·.
1039 1823 1082 1844 16.
1093 1817 1309 1855 Derosailatchir
1319 1838 1326 1844 .
1343 1827 1385 1850 17.
1398 1818 1666 1857 VVaterfordiensem
1678 1840 1686 1848 .

980 1855 1212 1896 Archiepiscopus
1223 1856 1374 1894 Tuanenfis
1384 1856 1435 1886 hos
1446 1857 1527 1887 habet
1535 1858 1726 1898 suffraganeos:

945 1908 967 1926 ι.
978 1899 1234 1936 Demageemensem.
1247 1909 1273 1926 2.
1285 1899 1485 1936 Acbadensem.
1496 1910 1523 1937 3.
1535 1900 1726 1939 Delfinensem.

941 1950 968 1973 4.
979 1938 1141 1966 Decellaid.
1159 1948 1183 1974 5.
1194 1942 1342 1967 Deconas'ri
1352 1959 1358 1965 .
1371 1945 1398 1967 6.
1407 1940 1609 1978 AEtdnnensem
1621 1961 1628 1969 .
1639 1953 1666 1975 7.
1675 1948 1727 1972 Ro-

937 1980 962 2016 s
958 1989 1047 2007 camon
1064 1980 1389 2015 8-Decelmundaiach.9.
1400 1979 1675 2020 Cluartifertensem.
1684 1993 1726 2012 ιο.

939 2018 1152 2057 Deculuanferd
1160 2040 1169 2047 .
1185 2031 1193 2047 ι
1206 2030 1227 2047 1.
1238 2021 1412 2057 Duae-ensem
1422 2040 1429 2048 .
1445 2022 1662 2066 ¹23Bladensem
1672 2043 1679 2050 .
1691 2026 1727 2052 Et

937 2059 984 2089 hic
1003 2061 1138 2089 maximm
1157 2059 1349 2099 episcoporum
1371 2070 1499 2090 numerus
1509 2061 1704 2092 videturfuisse
1715 2085 1724 2096 ,

936 2111 1017 2140 quem
1029 2101 1177 2134 Hibernia,
1188 2111 1221 2129 ex
1235 2111 1290 2140 quo
1301 2110 1425 2139 tempore
1436 2101 1611 2132 christianam
1621 2104 1724 2142 ample-

936 2153 970 2170 xa
981 2142 1019 2171 est
1042 2141 1206 2179 religionem
1217 2162 1224 2173 ,
1246 2147 1365 2180 unquam
1382 2141 1476 2171 habuit
1487 2164 1494 2172 .
1518 2144 1601 2181 Quod
1612 2144 1726 2183 quidem

935 2181 1036 2211 dixisse
1054 2180 1170 2211 sufficiat
1189 2181 1222 2211 ad
1243 2181 1466 2222 disquisitionem
1482 2184 1651 2215 Dioecefium
1660 2190 1725 2215 Bri-

933 2231 1135 2253 tannetarum.

1637 2426 1682 2458 ΙΝ
