1830 2490
175 90 237 124 cati
255 88 396 132 scrupulo
417 90 509 133 poss'ct
538 90 689 126 SacErdos
711 89 786 126 ante
811 90 1011 128 Matutinum
1042 90 1195 126 celebr-'are
1219 90 1378 131 Miffaiffi
1411 92 1592 138 respondere
1611 99 1662 134 so:

173 133 282 172 lebat,
321 133 493 182 quod-hoc
520 134 673 182 nonnulli
703 135 814 169 Sandri
837 135 979 169 Ecclesiae
1001 135 1155 168 Dmstores
1176 136 1228 168 sub
1258 136 1387 169 mortali
1418 139 1573 174 observari
1604 152 1658 176 co.

173 186 279 224 gunt,
310 179 343 210 δε
372 177 425 208 ubi
454 175 496 208 est
525 178 655 210 dubium
683 178 829 210 mortalis
861 175 1090 210 commissionis
1109 199 1118 213 ‚
1156 178 1250 211 tutius
1280 179 1322 210 est
1351 179 1436 222 sequi
1469 182 1657 218 strietiorem

172 227 386 266 opinionem:
416 221 449 253 &
478 218 593 251 eisdem
622 218 838 256 instantibus,
869 220 953 261 quod
975 219 1015 250 ob
1035 218 1122 250 varia
1143 221 1271 261 negotia
1305 223 1498 256 occurrentia
1518 227 1657 259 excusari

173 261 344 308 debuissent
367 261 549 293 Sacerdotes
564 283 576 298 ,
604 260 833 303 respondebat,
864 261 959 292 talem
981 260 1213 293 excusationem
1234 273 1302 295 non
1333 263 1469 297 sufficere
1485 287 1495 301 ‚
1518 267 1592 309 quia
1614 269 1654 300 ob

173 304 302 349 dubium
333 301 428 334 futuri
461 303 584 344 negotii
603 324 613 339 ‚
643 304 735 344 posset
761 302 961 336 Matutinum
981 301 1104 334 recitari
1136 301 1171 334 in
1192 304 1322 343 vesperis
1341 327 1351 341 ‚
1373 310 1407 340 ὃ(
1431 308 1525 341 nocte
1546 319 1653 349 praece-

162 345 260 376 ‘denti
280 367 290 381 ,
320 353 411 392 atque
424 345 532 393 ‘ipsum
553 356 717 387 nunquam
737 345 898 377 celebrasse
921 353 993 376 ante
1013 343 1213 377 Matutinum
1237 345 1408 380 fatebatur.
1444 349 1540 393 Quin
1563 351 1660 384 etiam

172 388 301 434 quando
323 396 467 427 privatim
488 387 678 429 persolvebat
698 387 788 420 horas
809 386 978 419 canonicas
998 408 1008 423 ‚
1039 386 1155 427 semper
1180 397 1231 420 eas
1253 387 1374 421 divisim
1405 391 1574 430 recitabat,
1605 394 1659 425 sic-

171 437 206 460 ut
226 440 261 460 in
283 429 391 463 Choro
414 429 481 461 fieri
502 429 579 462 solet
592 454 599 462 .

216 472 359 504 Omnem
390 471 464 519 vero
494 471 558 512 ejus
590 472 672 512 spem
701 472 815 514 semper
844 471 879 503 iii
910 469 1080 505 Coelicolis
1110 473 1277 512 reponebat
1316 492 1326 507 ‚
1366 475 1400 506 &
1431 475 1593 513 praesertim
1625 477 1660 509 in

171 513 295 547 saneto
328 514 450 547 Melitae
477 514 656 547 Protectore
688 514 788 546 Paulo
805 536 814 550 ‚
846 518 879 548 &
912 515 986 546 dum
1017 512 1052 544 in
1078 523 1114 544 ea
1135 514 1241 546 Insula
1263 516 1301 546 de
1324 523 1411 546 anno
1431 516 1656 552 MDCXLIX,

169 565 262 588 crant
294 565 382 588 tanta
419 566 556 589 annonae
583 556 712 597 penuria
728 578 738 592 ,
769 557 847 589 itaut
876 556 910 587 in
944 556 1000 597 piae
1019 555 1248 589 Conversionis
1270 551 1409 597 ejusdem
1431 558 1573 597 Apostoli
1597 560 1660 594 fru-

170 606 316 645 mentum
347 608 414 630 non
452 596 610 646 amplius,
648 596 741 640 quam
772 609 824 639 pro
864 597 986 639 integra
1023 598 1219 629 hebdomada
1249 597 1374 640 reperiri
1405 599 1626 635 vociferaretur
1647 625 1658 640 ,

170 651 207 671 m
239 650 279 686 eo
309 648 410 672 autem
441 642 491 672 die
522 640 712 675 Dominicus
743 642 780 672 de
812 638 905 671 mane
945 639 1193 672 concionabatur
1230 639 1265 672 in
1306 639 1489 674 Cathedi·ali
1529 643 1664 677 Ecclesia

169 681 224 714 sub
253 682 392 723 ejusdem
422 682 535 716 Sancti
566 682 661 715 titulo
690 683 866 716 consecrata
884 705 894 718 ,
934 683 972 713 de
1001 680 1088 722 cujus
1120 682 1326 721 pr‘otedkionis
1367 684 1561 717 confidentia
1590 697 1659 719 ora-

171 725 223 756 bat
254 725 292 756 ad
324 724 472 765 populum
489 746 503 770 ¹,
535 726 572 757 ab
603 727 714 756 eodem
744 724 896 766 Apostolo
926 722 1132 764 naufragante
1173 722 1207 755 in
1240 725 1300 756 fide
1330 722 1511 759 Christiana
1537 727 1660 761 instita-

169 774 236 813 tum
258 788 270 803 ‚
313 775 403 808 atque
432 777 470 799 ex
499 767 716 807 praeteritarum
739 788 748 802 ‚
779 767 1014 807 crebrarumque
1053 766 1088 796 in
1111 765 1236 798 cunetis
1267 767 1497 801 necessitatibus
1525 768 1661 802 subven-

170 817 296 854 tionum
324 809 580 850 comprobatione
601 831 609 845 ‚
641 807 807 841 Insulanos
839 807 923 849 spem
955 809 1078 840 firmam
1108 807 1220 839 habere
1250 807 1453 846 liortabatur3
1495 813 1579 842 unde
1610 812 1655 843 as.

166 850 343 883 leveranter
361 873 371 886 ,
404 855 437 885 &
466 851 654 883 fiducialiter
682 850 861 892 promiserat
892 849 927 881 in
959 860 996 881 ea
1028 848 1184 882 concione
1216 849 1408 884 Dominicus
1427 874 1438 888 ‚
1478 851 1562 895 quod
1592 864 1663 885 non

169 893 312 925 transiret
342 892 468 927 sandius
487 916 498 931 ‚
528 904 563 925 ac
594 902 658 925 tam
689 892 908 927 Melitensibus
938 893 1068 924 devotus
1100 891 1155 922 illc
1188 891 1254 925 dies
1283 892 1347 924 sine
1370 892 1478 936 aliqua
1510 894 1662 928 frumenti

168 934 376 968 subventione
397 947 410 982 ’,ι
449 940 492 982 ὃς.
515 935 558 967 ita
588 935 716 976 quidem
755 932 899 968 accidit.
940 935 1028 967 Nam
1071 935 1108 965 ad
1140 934 1289 974 Vesperas
1318 933 1404 966 illius
1433 936 1495 967 diei
1515 958 1524 972 ‚
1556 946 1662 977 pret-ter

167 977 252 1018 spem
283 977 413 1010 humani
445 977 648 1017 adiumenti,
680 977 793 1018 ingens
824 976 916 1009 navis
949 975 1110 1008 frumento
1141 976 1252 1008 onusta
1292 978 1329 1008 ad
1366 976 1462 1008 aliam
1491 978 1661 1015 regionem

170 1018 290 1053 diredhi
308 1041 317 1055 ,
358 1019 393 1051 in
421 1018 626 1054 Melitensem
663 1029 785 1060 portum
817 1018 850 1050 vi
888 1028 1057 1051 ventorum
1088 1016 1214 1057 ingredi
1243 1017 1400 1057 compulsa
1429 1019 1470 1050 est
1488 1041 1499 1056 ,
1525 1010 1575 1051 ‘in
1597 1030 1661 1061 quo

169 1061 306 1108 penuriae
336 1071 472 1106 tempor}
491 1083 500 1098 ‚
532 1061 606 1103 quia
634 1071 701 1093 non
723 1060 930 1102 reperiebatur
961 1058 1050 1101 panis
1076 1081 1088 1095 ,
1129 1058 1275 1100 siliquam
1315 1058 1370 1091 ille
1401 1061 1582 1101 pauperibus
1613 1061 1662 1093 di-

168 1104 361 1135 stribuebat.
394 1103 562 1137 Multoties
585 1100 659 1134 vcro
691 1104 832 1136 Romam
862 1101 957 1132 variis
985 1099 1198 1132 occasionibus
1228 1101 1312 1131 adire
1345 1102 1473 1134 coaetus
1495 1102 1553 1134 fuit
1579 1117 1589 1135 ,-
1620 1105 1660 1136 de

170 1157 258 1177 anno
289 1147 432 1180 MDCL.
463 1144 479 1178 ἡ
515 1144 677 1178 Melitcnfi
708 1143 856 1184 Episcopo
887 1145 923 1174 de
953 1143 1091 1184 quodam
1124 1140 1336 1174 Ecclesiastico
1369 1142 1524 1175 beneficio
1558 1145 1660 1183 provi-

168 1187 244 1224 sus,
283 1197 373 1230 atque
402 1199 457 1229 pro
495 1189 607 1219 codem
640 1185 792 1218 beneficio
832 1187 869 1217 ab
908 1182 1088 1223 Apostolico
1118 1182 1239 1223 proviso
1277 1182 1414 1219 citatus,
1457 1185 1494 1217 ad
1525 1187 1653 1220 Urbem

168 1230 291 1267 rediit3
328 1229 381 1263 ubi
413 1231 449 1263 ab
477 1228 741 1263 Eminentimmis
765 1227 994 1260 Cardinalibus
1023 1224 1292 1266 congregationis
1324 1227 1361 1257 de
1393 1226 1596 1267 Propaganda
1626 1229 1663 1259 fi-

172 1274 210 1304 de
232 1274 270 1304 ad
303 1272 443 1305 officium
477 1271 645 1314 Segi-erarii
676 1269 810 1312 ejusdem
843 1266 1113 1309 congregationis
1145 1266 1337 1299 Innocentio
1366 1267 1453 1309 Papae
1480 1261 1522 1302 X.
1543 1279 1659 1302 venun-

172 1314 271 1348 ciatus
293 1315 381 1353 fuit3
415 1324 489 1347 tunc
522 1313 610 1346 enim
638 1313 716 1345 illud
739 1311 877 1344 officium
902 1322 968 1342 non
998 1318 1063 1341 erat
1090 1308 1314 1349 praelaiitium3
1346 1309 1396 1341 sed
1432 1310 1578 1343 Pontifex
1608 1322 1663 1352 pro

173 1357 233 1389 illa
257 1357 492 1391 succumbentia
526 1356 663 1397 aliquem
686 1356 723 1387 de
753 1353 965 1387 Ecclesiastico
986 1350 1133 1384 dominio
1161 1351 1242 1383 velle
1272 1351 1430 1392 respondit
1451 1365 1459 1384 :
1491 1351 1594 1385 nihilo
1615 1363 1661 1385 ta-

170 1410 246 1433 men
269 1396 366 1433 secii‘is
387 1410 439 1441 per
459 1399 525 1442 ejus
559 1397 672 1430 Palatii
704 1396 888 1431 Auditorem
919 1394 964 1428 bis
990 1393 1171 1427 vacantium
1193 1403 1267 1426 tunc
1296 1393 1475 1428 Dicecesum
1499 1404 1606 1427 notam
1630 1395 1661 1427 ei

172 1441 287 1475 obtulit
305 1465 317 1480 ‚
347 1451 381 1474 ut
412 1444 450 1474 de
480 1441 661 1474 vacantibus
692 1438 919 1481 Episcopatibus
939 1447 1037 1469 unum
1060 1438 1097 1467 ad
1131 1435 1196 1478 ejus
1218 1435 1367 1476 placitum
1388 1436 1582 1470 Dominicus
1604 1437 1662 1468 eli-

172 1493 288 1525 geret,
324 1487 360 1516 de
383 1495 443 1526 qua
473 1493 579 1516 tamen
601 1482 765 1515 oblatione
796 1480 902 1512 retulit
933 1478 993 1520 ipsc
1019 1477 1162 1525 gratias,
1202 1477 1380 1519 inquiens,
1409 1478 1438 1509 se
1469 1480 1506 1509 ad
1537 1487 1660 1510 tantum

174 1538 258 1560 onus
287 1527 481 1559 subeundum
514 1536 581 1557 non
603 1526 658 1556 esse
690 1522 826 1556 habilem
846 1547 853 1554 .
883 1523 923 1554 At
956 1520 1228 1554 Emincniiffimus
1258 1518 1435 1552 franciscus
1456 1520 1562 1553 Maria
1584 1521 1663 1554 Car-

174 1569 291 1601 dinalis
321 1568 503 1604 Brancatius
535 1568 734 1600 Erudittnium
766 1563 975 1604 infatigabilis
995 1572 1153 1603 promotor
1173 1583 1182 1597 ‚
1213 1561 1316 1593 habita
1347 1563 1384 1593 de
1407 1562 1583 1596 Dominico
1606 1572 1665 1593 no-

172 1611 245 1644 titia
263 1633 273 1648 ,
303 1611 493 1644 canonicatu
527 1608 724 1643 Catiieu'ralis
754 1606 957 1639 viterbiensis
979 1605 1137 1640 Ecclesiae,
1172 1603 1224 1636 ubi
1246 1603 1382 1637 Antistes
1407 1613 1483 1636 tunc
1513 1603 1660 1636 existebat

172 1655 210 1684 de
241 1656 340 1687 Anno
370 1652 567 1688 MDCLIV.
603 1663 673 1684 eum
706 1649 867 1691 providit,
898 1658 990 1690 quem
1011 1646 1233 1680 canonicatum
1251 1667 1261 1682 ,
1292 1655 1325 1678 ut
1346 1645 1416 1677 lites
1435 1666 1444 1681 ,
1478 1645 1511 1677 in
1551 1646 1662 1686 quibus

172 1695 229 1728 illc
252 1695 424 1737 implicitus
448 1705 540 1730 erat,
573 1694 703 1726 evitaret
720 1715 729 1728 ‚
764 1691 898 1724 libenter
932 1689 1127 1731 acceptavit3
1158 1699 1192 1720 ac
1223 1685 1340 1734 intere]
1362 1688 1445 1720 idem
1475 1687 1662 1721 Cardinalis

174 1737 270 1770 illius
290 1738 576 1771 consultationibus
599 1737 633 1769 in
655 1738 742 1768 rebus
764 1734 909 1774 gravibus
928 1755 936 1768 ‚
967 1736 999 1766 ἃ
1031 1731 1065 1763 in
1088 1730 1314 1771 provisionibus
1340 1729 1563 1762 beneficiorum
1586 1740 1663 1761 con-

170 1779 266 1814 tinuo
297 1782 464 1813 utebatur:
495 1789 590 1822 quare
623 1789 690 1810 nen
711 1777 780 1809 raro
813 1778 850 1807 ab
873 1774 982 1807 amicis
1008 1773 1199 1808 Dominicus
1220 1771 1370 1812 impulsus
1401 1781 1466 1803 erat
1486 1793 1494 1807 ‚
1524 1781 1556 1803 ut
1586 1773 1661 1803 duni

179 1833 234 1864 pro
258 1822 328 1856 aliis
352 1825 388 1856 ab
410 1824 521 1855 eodem
553 1821 713 1853 Provistre
744 1817 895 1851 beneficia
915 1816 1078 1849 obtinebat
1093 1837 1102 1851 ,
1134 1816 1256 1846 deberet
1286 1812 1359 1845 sane
1381 1824 1434 1854 pro
1458 1813 1486 1844 se
1509 1813 1572 1854 ipso
1604 1813 1661 1844 ali-

173 1876 272 1907 quam
299 1865 446 1907 pinguem
470 1863 679 1905 provisionem
700 1863 864 1902 impetrare
885 1881 893 1896 ‚
925 1861 962 1891 dc
985 1869 1046 1900 qua
1067 1868 1097 1889 re
1121 1856 1313 1888 subsannans
1334 1855 1388 1886 ille
1412 1877 1419 1890 ,
1449 1855 1478 1886 se
1506 1854 1662 1888 sufficien-

179 1916 225 1939 ter
247 1908 401 1949 provisum
433 1906 518 1940 fuisse
552 1905 732 1947 respendere
763 1903 879 1936 solebat
905 1927 912 1934 .
945 1903 993 1934 Ad
1015 1898 1185 1941 penetralia
1213 1897 1348 1938 ejusdem
1373 1896 1556 1931 cardinalis
1584 1896 1663 1928 libc-

178 1959 249 1982 l'um
282 1950 413 1982 habebat
443 1949 589 1984 aditum,
624 1958 757 1989 querum
786 1943 947 1985 colloquia
972 1943 1087 1983 semper
1119 1952 1185 1973 non
1210 1940 1266 1971 nisi
1299 1941 1335 1970 de
1356 1939 1478 1976 variis,
1509 1950 1544 1971 ac
1571 1938 1662 1970 sacris

172 1991 403 2024 eruditionibus
427 1991 550 2024 fuerant
577 2013 586 2027 ‚
620 1994 653 2024 ὃ(
686 1987 760 2021 licet
793 1987 966 2028 aliquando
996 1984 1079 2016 inter
1100 1983 1159 2015 sese
1180 1982 1259 2014 locis
1290 1982 1438 2013 distarent
1456 2002 1465 2017 ‚
1497 1991 1661 2021 nunquam

173 2035 211 2065 de
240 2033 356 2065 eisdem
396 2033 533 2066 materiis
577 2031 756 2064 adinvicem
788 2030 914 2061 scribere
945 2026 1195 2059 intermittebant
1221 2047 1227 2056 .
1268 2025 1425 2064 Tempore
1459 2022 1547 2063 pestis
1577 2023 1660 2054 idem

176 2076 339 2110 Dominus
359 2076 543 2109 Cardinalis
565 2074 705 2116 regimen
736 2071 963 2105 Claustralium
987 2068 1184 2102 Moriialium
1215 2067 1341 2099 Sanctoe
1364 2065 1457 2098 Rosae
1484 2064 1662 2097 Vitei'bien-

175 2118 213 2150 fis
233 2116 263 2149 ei
301 2118 475 2154 commisit,
511 2117 563 2150 ubi
595 2118 632 2149 ad
662 2115 817 2148 ntoestitiae
846 2114 990 2145 levamen
1012 2111 1094 2142 inter
1126 2109 1188 2141 alia
1217 2108 1389 2144 exercitia,
1418 2106 1660 2148 explicationem

154 2160 381 2201 'Hymnorum
417 2159 565 2193 Breviarii
596 2157 741 2193 Romani
772 2155 940 2196 vulgariter
974 2152 1138 2194 exposuit,
1170 2151 1223 2191 qui
1252 2151 1398 2183 trztstatus
1429 2149 1482 2181 sub
1515 2146 1660 2192 Auctoris

181 2201 316 2234 nomine
341 2202 608 2274 nifiagiammatico
628 2198 799 2234 Nicodemo
831 2199 962 2233 Grz'ma³
984 2196 1015 2228 id
1038 2194 1097 2231 est,
1129 2193 1294 2226 Domenico
1317 2191 1435 2231 Magri
1457 2190 1503 2223 bis
1525 2188 1660 2223 Viterbii

181 2244 337 2284 impressus
373 2246 435 2276 uit.

219 2289 269 2320 De
291 2297 377 2319 anuo
399 2287 589 2322 MDCLXI.
619 2287 734 2320 Romae
762 2283 940 2327 gravissima
964 2280 1044 2314 febre
1069 2279 1243 2313 infirmatus
1265 2277 1306 2310 est
1326 2299 1336 2314 ‚
1368 2286 1460 2320 quem
1488 2274 1571 2320 idem
1593 2273 1662 2309 Dei-5

1512 2324 1618 2351 minus
