1866 2526
479 51 574 96 VI

116 113 232 145 servitio
241 120 307 144 ruo,
329 111 437 148 (idest,
458 112 601 151 Episcopi)
624 110 746 144 fuerint,
768 109 913 155 quicquam

119 152 238 186 subtrahi
258 151 372 186 debeat,
396 153 441 181 vei
450 151 548 181 auferri
560 174 568 186 ‚
587 152 663 191 quod
674 152 708 180 dc
728 161 912 195 communi-ta-

116 197 155 225 tis
172 193 220 225 fibi
236 192 372 224 beneficio
383 192 526 222 debeatur:
551 192 600 222 nisi
611 192 683 222 forte
700 192 755 221 sint
766 191 892 220 vistualia
903 213 911 224 ,

119 245 179 275 qut
191 244 249 263 non
257 233 459 263 consueverunt
470 233 621 263 absentibus
628 233 753 262 exhiberi
764 253 771 260 .
793 232 837 261 De
846 232 912 262 Cle-

119 275 182 305 ricis
202 285 259 303 non
277 275 415 304 resident.
441 284 499 314 cap.
522 286 548 308 7·
569 276 582 306 ]
606 277 634 304 &
651 273 689 302 ibi
704 271 815 304 Gioisa.
839 272 913 302 Vide

115 319 168 344 Cro
189 327 208 344 a
219 335 227 344 .

77 315 209 387 Vinsg.
233 358 296 385 Hoc
307 366 410 386 nomen
427 356 546 386 absolute
564 354 702 393 sumptum
713 355 742 383 in
752 352 912 397 sacra-pagi-

115 409 151 426 na
161 407 210 436 per
217 398 432 427 antonomasiam
452 396 586 436 significat
596 395 764 439 Prophemm
774 414 784 430 ,
805 394 910 423 divinis

120 438 270 467 visionibus
292 437 456 466 illustratum
469 458 477 470 ‚
497 447 578 475 quem
601 436 714 480 Hebrm
735 440 852 477 Merena
863 444 910 462 vo-

115 488 199 510 cant5
224 477 270 507 sed
281 477 366 506 hodie
385 477 436 507 hoc
449 477 580 508 vocabulo
599 476 752 508 Rabbinum
769 474 910 512 illiappel-

116 520 178 548 lant
189 540 198 551 ‚
219 519 428 558 quiSyi-iagogae
452 528 542 547 curam
552 518 625 557 gerit
636 538 644 549 ‚
663 520 695 560 ,δε
711 515 909 544 controversias

117 559 220 588 interni
241 559 294 588 fori
304 559 425 588 decidit.
449 561 505 588 PR.
515 558 549 586 fic
560 557 714 595 antiquitus
723 555 908 598 appellabatur

116 599 256 638 Propheta
266 620 273 627 .
297 600 400 634 [Olim
410 599 438 627 in
453 597 537 628 Israel
550 598 584 627 sic
593 597 753 635 loquebatur
767 594 907 640 unusquis-

115 651 168 678 que
181 639 281 669 vadens
290 638 430 668 consulere
439 640 530 668 Deum
539 652 548 667 .-
571 638 674 666 Venite
687 659 695 670 ‚
715 646 804 665 eamus
814 637 846 664 ad
857 638 907 664 Vi-

114 681 225 709 dentem
237 702 245 713 ,
267 679 313 718 qui
335 681 410 708 enim
422 677 560 717 Propheta
577 679 683 708 dicitur
700 676 785 706 hodie
796 698 804 710 ,
828 687 907 706 vocs-

114 720 191 750 batiir
206 721 274 749 olim
296 718 418 752 Videns,
441 731 463 748 1.
485 722 558 758 Reg.
577 731 606 755 9.
624 721 681 756 9.]=
698 719 751 747 Sed
769 721 906 761 Rupe-nus

111 761 182 790 Abb.
193 761 223 789 in
233 769 291 798 cap.
305 770 328 788 ι.
351 759 449 790 Abdiae
460 759 524 788 facit
535 759 719 788 differentiam
729 759 804 787 intec
824 758 906 802 visio-

111 811 158 830 nes
175 800 284 829 divinas
298 826 303 833 ,
325 801 474 839 inquiens:
501 801 651 836 [Visiones
669 809 759 828 autem
775 798 817 827 hae
827 799 906 827 difle-

109 850 175 870 runt
183 862 192 874 ‚
211 851 270 879 quae
280 840 344 869 alibi
353 841 525 869 monstrante
534 841 596 870 Deo
607 838 903 882 significativae-viden-

113 891 158 909 tur
168 881 301 921 imagines
311 903 319 914 ‚
342 882 432 919 quales
442 881 559 910 maxime
571 882 766 917 videruntjam
775 880 861 924 diff-tus
871 884 905 909 E-

111 920 240 955 zechiel,
262 925 290 950 &
309 922 425 950 Daniel:
449 921 514 951 alibi
536 922 592 951 fine
610 921 776 960 imaginibus
798 921 902 950 divinae

108 960 158 990 suo
179 963 263 990 modo
275 962 424 995 videntur,
449 966 476 991 ὅ(
488 963 624 1001 praecipue
641 962 797 991 locutiones
808 982 816 994 ‚
838 972 901 1005 que-

109 1003 287 1031 madmodum
307 1002 353 1031 hic
364 1003 398 1031 de
414 1002 563 1041 semetipso
581 1003 666 1031 dicit:
691 1003 768 1031 Visio
786 1002 883 1045 Abdiae
895 1024 902 1036 ‚

111 1045 139 1071 ὅ(
159 1052 249 1072 tamen
270 1044 373 1073 nullam
389 1042 416 1072 se
427 1043 636 1073 similitudinem
650 1065 658 1077 ,
681 1043 737 1072 sive
754 1044 904 1081 imaginem

107 1093 198 1112 narrat
216 1081 331 1113 vidisse.
353 1087 388 1113 Et
399 1084 492 1113 deista
510 1085 622 1124 quidem
641 1084 753 1114 visionis
775 1085 902 1129 qualitate

107 1135 168 1153 nori
186 1125 297 1155 dubium
317 1124 355 1154 est
365 1125 475 1154 Sanftos
491 1125 642 1164 Prophetas
660 1134 767 1152 certum
786 1125 903 1153 habuisse

110 1164 199 1193 visum
210 1188 218 1199 ‚
240 1166 296 1195 sive
308 1166 481 1194 intelle-stum
491 1187 498 1199 ,
516 1166 619 1204 Spiritu
630 1166 730 1194 San&o
741 1166 768 1194 in
779 1166 841 1203 ipsis
863 1167 902 1194 lo-

106 1215 229 1244 quente,
251 1208 327 1238 &c.]
353 1208 391 1235 Ac
411 1206 484 1235 idem
494 1209 568 1244 Rup.
588 1206 618 1235 in
629 1216 686 1244 cap.
703 1216 726 1233 i.
745 1206 902 1244 Apocalyp.

108 1256 162 1275 tres
171 1246 309 1275 visionum
317 1245 482 1275 differentias
493 1247 596 1280 tradit,
617 1256 733 1286 nempe,
751 1247 885 1276 carnalem
896 1268 904 1281 ,

106 1285 276 1324 spiritualem
286 1308 294 1320 ‚
317 1291 346 1316 ὅ(
356 1287 571 1316 ἰιιῑεΙΙεᾶιιειΙεηι
581 1306 588 1315 .

67 1327 169 1356 νιουΛ
179 1347 186 1355 .
210 1327 282 1357 Vide
292 1328 399 1358 Relicta
407 1347 414 1355 .
436 1330 501 1365 Ejus
512 1328 616 1359 velatio
627 1347 634 1355 .
658 1327 732 1358 Vide
742 1329 833 1357 Veliam
843 1335 903 1365 pro-

119 1379 132 1396 e
149 1379 218 1397 tonis
231 1389 238 1396 n

69 1366 178 1436 vili->qm
196 1411 308 1443 Aquae,
330 1408 471 1446 eleganter
489 1420 502 1438 a
518 1409 691 1438 Tertulliano
703 1431 711 1443 ‚
734 1409 782 1438 lib.
802 1409 836 1438 de
857 1412 904 1438 Ba-

107 1447 211 1486 ptismo
221 1470 230 1481 ,
251 1448 386 1486 appellata
395 1447 458 1477 sunt
470 1450 573 1479 lavacra
583 1450 741 1478 Gentilium
750 1471 758 1483 ‚
772 1451 835 1488 quia
846 1461 902 1479 non

108 1487 293 1524 producebant
311 1488 445 1526 gratiam,
469 1490 533 1518 sicut
550 1500 623 1528 aquae
642 1490 740 1519 nostrae
761 1490 902 1529 baptisma-

107 1527 165 1555 les:
192 1528 352 1562 [Nationes
370 1538 503 1559 extraneae
525 1531 555 1559 :ib
572 1531 650 1559 omni
669 1531 811 1560 intellectu
824 1529 902 1569 spiri-

107 1568 222 1596 tualium
238 1567 401 1607 potestatum
411 1570 503 1599 eadem
523 1571 622 1601 fiducia
633 1571 715 1600 idolis
732 1570 787 1600 suis
804 1569 903 1600 subini-

108 1607 243 1639 nistrant5
266 1607 313 1637 sed
326 1609 416 1638 viduis
426 1611 500 1649 aquis
511 1612 558 1641 sibi
570 1612 744 1641 mentiuntur
753 1631 760 1640 .

68 1648 223 1678 vinuvmn
234 1669 242 1682 ‚
266 1649 384 1678 viduitas
395 1671 403 1682 ‚
425 1651 504 1680 status
514 1652 656 1682 viduitatis
666 1672 673 1680 .
697 1652 774 1688 [Cui
783 1652 834 1681 filii
845 1663 898 1682 nee

105 1689 166 1727 post
185 1689 294 1728 nepotis
312 1688 398 1718 amissi
410 1690 469 1720 duae
480 1693 582 1729 pariter
600 1693 686 1731 plagae
706 1703 846 1727 recentes,
868 1695 901 1723 :id

109 1729 218 1759 viduvii
239 1731 496 1760 vulnusadduntur.
518 1734 646 1764 Sidonius
657 1755 665 1767 ‚
686 1734 733 1763 lib.
744 1740 771 1764 6.
783 1734 860 1772 epist.
874 1748 899 1765 z.

67 1769 218 1800 VIGILANS
230 1791 237 1799 .
261 1771 334 1799 Vide
345 1775 488 1810 Egrigorus
498 1794 506 1805 ,
517 1775 622 1812 Vigilax
630 1793 638 1801 .

66 1809 199 1839 Vicinix
213 1832 220 1843 ,
244 1811 370 1850 vigilans
382 1833 389 1840 .
415 1815 538 1851 [Neque
557 1814 585 1843 in
596 1813 702 1853 paginis
719 1816 776 1850 ejus
793 1814 896 1854 vigilax

106 1850 194 1878 1ΕᾶοΓ
206 1851 333 1880 inveniet
344 1853 452 1883 veriora
461 1853 576 1883 nomina
584 1856 790 1884 Camoemrum.
802 1856 896 1885 Sidon.

106 1890 153 1918 lib.
166 1899 190 1926 5.
201 1891 278 1929 epist.
291 1903 317 1920 ι.

64 1931 195 1960 νιοιιιΛ
208 1952 215 1963 ,
239 1933 312 1961 inter
321 1931 494 1963 Christianos
510 1935 566 1965 dies
583 1936 740 1975 praecedens
758 1936 840 1967 alicui
856 1936 897 1966 so-

104 1971 242 2000 lemnitati
260 1973 448 2013 intelligitur,
471 1976 534 2014 quia
543 1978 714 2007 antecedenti
733 1978 779 2007 die
797 1989 896 2017 perno-

104 2011 175 2040 stare
184 2010 308 2041 solebant
326 2014 357 2042 in
367 2016 482 2046 Ecclesia
492 2017 565 2047 illius
575 2018 667 2047 Sanffi
678 2040 687 2051 ,
708 2022 783 2055 cujus
795 2018 895 2048 festivi-

102 2061 141 2079 tas
151 2052 197 2081 die
216 2052 341 2092 sequenti
351 2065 407 2084 erat
425 2057 598 2091 celebranda,
620 2062 648 2087 ὅ(
665 2060 738 2097 quasi
750 2069 807 2089 tota
823 2059 897 2089 illius

103 2093 194 2121 ιιοᾶἰς
205 2104 279 2123 mora
291 2095 320 2123 in
328 2093 409 2125 sacris
420 2117 428 2130 ‚
441 2097 598 2136 divinisque
608 2101 776 2129 cantionibus
785 2123 793 2134 ,
806 2101 835 2129 in
843 2099 896 2139 spi-

102 2132 245 2163 ritualibus
264 2133 403 2170 discursis,
425 2148 453 2166 ac
463 2136 622 2176 psalmodiis
640 2139 793 2170 trahebatur
802 2153 813 2175 ,-
835 2151 895 2180 quae

101 2173 166 2202 idco
185 2177 322 2205 NoHurnae
343 2181 559 2208 Convocationes
578 2181 770 2210 :iTertulliano
782 2203 790 2215 ,
812 2182 858 2210 lib.
870 2193 896 2211 2.

98 2214 132 2242 ad
144 2215 235 2244 Uxor.
256 2227 315 2255 cap.
325 2227 352 2252 4.
372 2219 514 2256 appellatae
533 2219 639 2248 suerunt
651 2241 657 2249 .
682 2223 739 2252 PR.
753 2225 792 2251 Ac
803 2223 898 2251 clarius

100 2255 139 2284 D.
159 2256 370 2293 Hieronymus,
391 2259 469 2298 epist.
483 2261 603 2293 74ae:ae
621 2260 755 2296 scribens,
778 2263 897 2292 tradens-

101 2306 155 2334 que
167 2296 193 2325 ei
213 2298 326 2327 modum
338 2299 472 2328 educandi
491 2300 576 2329 filiam
587 2322 595 2334 ,
613 2301 648 2330 sic
658 2302 749 2342 inquit
762 2314 768 2331 :
794 2309 806 2339 [
819 2305 886 2344 Vigi

99 2337 200 2366 liarum
209 2337 286 2372 dies,
309 2342 336 2368 ὅ(
346 2338 483 2370 solemnes
502 2343 722 2380 pernoctationes
742 2344 775 2373 sic
786 2354 901 2384 rirgun—

103 2379 162 2407 cula
182 2379 273 2410 nosti-:i
282 2380 401 2421 celebret
410 2403 419 2417 ,
441 2391 471 2414 ut
480 2392 516 2413 ne
533 2382 718 2415 transversum
729 2384 841 2425 quidem
850 2396 900 2415 un-

966 118 1049 150 guem
1072 120 1087 140 a
1095 113 1179 140 msti‘e
1190 109 1312 141 discedat
1322 115 1352 145 ,1
1371 117 1410 151 :nt
1423 117 1477 145 Hic
1495 113 1596 146 deinde
1605 116 1675 147 ritus
1685 118 1715 146 in
1725 119 1766 152 je-

967 152 1074 189 junium
1084 161 1266 181 commutatus
1275 152 1326 182 fuit
1337 175 1345 187 ,
1367 157 1490 185 retinens
1502 167 1595 186 tamen
1605 159 1704 197 Wga'liae
1715 165 1766 186 no*-

967 201 1032 220 men
1043 213 1051 225 ‚
1074 192 1109 221 de
1118 202 1170 230 qua
1178 202 1207 220 re
1229 203 1323 223 errant
1337 196 1444 234 prorsus
1454 197 1497 226 illi
1508 219 1516 230 ‚
1539 197 1586 236 qui
1603 199 1767 228 austeritate

966 231 1104 268 cujusdam
1112 231 1201 262 asserti
1210 232 1343 264 sermonis
1353 237 1377 265 S.
1391 237 1537 277 Augustini
1547 237 1581 266 ad
1590 237 1685 269 fratres
1693 239 1723 268 in
1734 242 1768 268 E·

968 283 1055 306 remo,
1067 278 1079 307 (
1089 273 1135 312 qui
1145 274 1184 302 est
1193 275 1292 304 ordine
1302 278 1449 316 vigesimus
1460 278 1595 318 quintus)
1607 281 1745 309 affirmant
1758 297 1765 310 ι

968 314 1005 342 D.
1017 314 1188 343 Ambrosium
1210 316 1378 353 persuasione
1401 320 1426 348 S.
1438 318 1584 348 Monachae
1602 319 1681 350 usum
1692 321 1766 359 vigi-

968 354 1066 382 liarum
1076 364 1106 383 ea
1116 354 1151 383 de
1161 355 1237 384 causa
1246 357 1277 386 ab
1289 359 1406 388 Ecclesia
1415 359 1565 389 eliminass'e
1574 382 1582 393 ,
1594 362 1670 400 quod
1678 361 1765 391 Chri-

968 395 1118 423 stianorum
1136 396 1249 433 plurimi
1269 397 1340 427 illud
1365 400 1454 428 noetis
1472 411 1577 439 tempus
1596 402 1718 431 ludendo
1736 406 1765 431 ὅ(

966 433 1078 464 choreas
1095 435 1221 465 ducendo
1239 438 1439 477 transigerent5
1464 451 1527 469 nam
1538 441 1590 470 hoc
1611 443 1713 472 validis
1723 453 1765 472 ar.

966 475 1104 513 guinentis
1115 477 1247 506 Batonius
1256 479 1287 507 in
1297 481 1404 516 Aiiiiot.
1413 480 1447 509 ad
1457 483 1603 517 Martyrol.
1617 494 1641 519 5.
1652 485 1762 522 januar.

965 515 1022 543 litt.
1032 527 1058 544 a.
1079 515 1244 546 falsissimum
1253 539 1262 552 ,
1284 522 1311 548 δε
1321 521 1353 548 ab
1364 520 1566 560 Augiistiniano
1583 525 1688 552 calamo
1697 525 1764 553 :ilie-

967 565 1033 583 num
1042 554 1092 584 effe
1101 557 1288 590 demonstrati
1312 564 1339 589 δε
1349 561 1379 589 in
1389 562 1443 590 fine
1463 561 1583 599 ejusdem
1595 566 1749 594 Annotatio
1757 582 1764 586 -

964 596 1007 624 nis
1016 596 1050 624 sic
1061 597 1203 626 concludit
1215 601 1362 630 Baronius:
1382 604 1472 638 [Non
1484 604 1576 644 itaque
1589 606 1742 635 Ambrofius
1754 626 1762 637 ‚

963 647 1023 664 non
1042 638 1228 676 Augustinus,
1252 651 1303 669 nec
1311 641 1371 680 quis
1383 643 1450 671 alius
1471 645 1706 676 orthodoxorum
1720 647 1762 675 his

965 678 1135 716 temporibus
1156 679 1265 718 vigilias
1284 683 1430 711 nosturnas
1445 686 1633 715 ecclesiasticas
1649 689 1761 725 abroga-

964 717 1006 746 vit
1021 743 1026 753 ,
1049 718 1094 746 vel
1104 719 1204 747 minuit
1216 735 1223 750 .·
1247 720 1294 749 sed
1305 722 1496 761 impuriffiinus
1518 726 1697 758 haeresiarcha
1709 725 1760 757 Vi-

962 758 1095 796 gilantius
1105 760 1215 798 vigilias
1226 782 1234 794 ‚
1256 761 1297 791 sui
1306 765 1428 793 nominis
1438 765 1522 795 hostis
1533 789 1540 800 ,
1563 768 1739 808 impugnavit
1752 789 1759 800 ι

962 798 1051 837 sicque
1061 799 1185 828 minuere
1192 812 1306 831 conatus
1315 804 1352 832 est
1365 826 1373 837 ‚
1396 815 1425 833 ut
1436 817 1493 835 non
1504 807 1556 837 nisi
1566 807 1648 838 semel
1662 811 1692 838 in
1711 820 1761 838 an-

961 849 1000 867 no
1009 860 1018 872 ‚
1043 838 1074 867 in
1084 840 1207 870 Paschali
1223 841 1400 874 solemnitate
1411 846 1520 885 vigilias
1535 851 1700 888 peragendas
1710 849 1760 878 ess'e

960 880 1071 915 jaetaret
1080 900 1087 908 .
1112 882 1301 918 Hieronymus
1311 885 1439 916 adversus
1449 887 1637 927 vigilantium
1647 911 1654 918 .
1668 894 1679 923 ]
1700 892 1758 920 Cu-

959 923 1000 957 jus
1011 921 1135 949 intentio
1154 923 1187 951 ad
1196 924 1363 964 abrogandas
1379 928 1409 956 in
1419 928 1534 958 Ecclesia
1542 931 1598 959 Dei
1607 941 1758 971 congrega-

960 961 1050 989 tiones
1061 962 1191 991 tendebat
1202 984 1210 992 .
1234 966 1313 994 Idem
1322 969 1420 996 Baton.
1432 978 1474 996 an.
1486 981 1533 1005 44.
1547 981 1622 1000 num.
1632 983 1680 1010 73.
1703 975 1758 1002 At-

961 1011 1013 1040 que
1030 1002 1063 1030 ad
1082 1004 1247 1034 Batonianas
1266 1007 1386 1036 rationes
1395 1010 1587 1040 cumulandum
1604 1013 1642 1041 cst
1652 1012 1736 1042 etiam
1747 1035 1755 1046 ‚

961 1042 1036 1080 quod
1053 1041 1188 1073 solemnes
1206 1046 1312 1084 vigiliae
1330 1058 1394 1077 ante
1406 1051 1570 1081 Dominicas
1589 1053 1673 1081 totius
1691 1054 1758 1082 anni

959 1083 1110 1120 antiquitus
1121 1086 1324 1116 celebrabantur
1333 1110 1341 1121 ‚
1363 1100 1422 1128 quae
1433 1090 1532 1121 affidue
1545 1104 1558 1121 a
1570 1093 1693 1122 fidelibus
1703 1094 1756 1122 fre-

959 1125 1158 1162 quentabantur
1169 1147 1177 1158 ‚
1197 1136 1226 1155 ut
1237 1138 1297 1157 can.
1311 1140 1334 1157 i.
1355 1129 1563 1162 Matisconensis
1580 1135 1705 1163 Concilii
1716 1145 1757 1162 te-

959 1166 1059 1192 statur:
1082 1166 1156 1203 quod
1167 1168 1331 1198 Concilium
1349 1180 1398 1209 per
1407 1172 1462 1201 duo
1481 1173 1564 1203 ferme
1579 1175 1676 1204 saeculs
1698 1176 1758 1214 post

957 1204 1024 1233 DD.
1037 1207 1208 1235 Ambrosium
1219 1230 1226 1241 ,
1249 1212 1278 1238 δι
1289 1212 1473 1250 Augustinum
1483 1214 1579 1244 extitit
1590 1235 1596 1243 .
1619 1217 1696 1245 Licet
1717 1227 1758 1246 ta-

958 1255 1023 1273 men
1033 1246 1243 1278 Antisidorense
1252 1251 1417 1281 Concilium
1427 1274 1434 1286 ‚
1457 1265 1515 1283 can.
1525 1266 1552 1293 3.
1565 1255 1683 1295 Vigilias
1694 1267 1758 1295 pro*

957 1284 1071 1315 hibuisse
1089 1288 1213 1317 videatur
1224 1311 1232 1322 ‚
1256 1301 1313 1319 non
1326 1293 1442 1331 Vigiliis
1453 1293 1532 1324 sacris
1551 1301 1578 1326 ὃς
1590 1297 1706 1335 publicis
1726 1299 1755 1326 in

960 1327 1078 1355 Ecclesia
1097 1329 1240 1358 celebratis
1261 1331 1297 1359 ibi
1307 1333 1407 1372 egistis,
1429 1346 1462 1363 ex
1481 1335 1602 1370 ejusdem
1613 1339 1700 1367 verbis
1717 1338 1756 1367 sa-

960 1367 994 1395 tis
1003 1367 1090 1406 liquet
1098 1388 1105 1396 .
1129 1371 1186 1399 FR.
1196 1371 1393 1403 Elibcritanum
1403 1376 1564 1406 Concilium
1573 1388 1634 1407 can·-
1645 1389 1658 1417 3
1669 1378 1694 1415 3·-
1713 1379 1758 1408 in-

958 1417 1116 1437 terventum
1137 1410 1312 1441 foeminarum
1329 1414 1360 1443 in
1379 1417 1494 1455 Vigiliis
1513 1427 1669 1447 vetaverat.
1691 1421 1756 1449 Ali-

959 1449 1006 1486 qui
1026 1450 1184 1488 vigiliarum
1201 1453 1392 1485 nocturnarum
1409 1456 1629 1495 prohibitionem
1645 1460 1754 1489 Bonifa-

957 1498 1001 1517 (ιο
1010 1491 1087 1528 Pap-e
1109 1491 1204 1520 Primo
1225 1493 1348 1523 tribuunt
1359 1515 1366 1523 .
1388 1497 1413 1525 S.
1423 1499 1479 1526 Leo
1496 1500 1566 1537 Papa
1578 1521 1585 1533 ,
1608 1500 1654 1539 qui
1669 1501 1754 1529 tertio

959 1530 1023 1558 loco
1042 1530 1086 1558 illi
1102 1530 1278 1568 successerat,
1297 1535 1332 1564 de
1342 1537 1511 1576 Vigiliarum
1531 1539 1705 1569 observantia
1723 1543 1754 1570 in

959 1572 1016 1605 ejus
1032 1569 1200 1602 sermonibus
1209 1576 1305 1604 crebro
1316 1578 1489 1607 mentionem
1508 1579 1571 1609 facit
1581 1582 1620 1615 .·Η.·
1633 1581 1659 1610 Si
1672 1582 1753 1621 Vigi-

959 1611 994 1639 lia
1013 1613 1176 1642 Nativitatis
1197 1615 1316 1645 Domini
1328 1619 1436 1647 venerit
1457 1620 1485 1648 in
1496 1621 1648 1650 Dominica
1657 1643 1665 1654 ‚
1687 1632 1752 1651 tunc

957 1652 1065 1680 canitur
1074 1653 1150 1682 Mifl'a
1170 1656 1228 1694 post
1240 1657 1349 1687 tertiam
1360 1680 1368 1692 ‚
1391 1663 1418 1688 ὅ(
1431 1662 1610 1698 Evangelium
1620 1662 1754 1691 Domini-

957 1702 995 1720 ωε
1009 1703 1067 1720 non
1086 1694 1186 1724 dicitur
1197 1698 1227 1725 in
1236 1697 1291 1726 fine
1300 1720 1311 1737 ‚
1333 1700 1397 1729 licet
1407 1700 1440 1729 de
1451 1701 1599 1731 Dominica
1609 1702 1655 1731 fiat
1675 1713 1752 1732 com-

956 1734 1120 1763 memoratio
1129 1757 1138 1769 ,
1159 1737 1222 1775 quia
1240 1739 1311 1767 illud
1330 1741 1489 1770 Dominicae
1510 1743 1692 1782 Evangelium
1714 1745 1751 1773 le·

954 1774 1028 1802 etum
1040 1774 1125 1804 fuerat
1143 1777 1174 1806 in
1192 1777 1269 1807 Misia
1285 1781 1390 1810 Sabbati
1413 1783 1609 1819 praeccdentis.
1630 1786 1750 1814 Gavanr.

955 1824 1024 1853 part.
1036 1827 1061 1850 4.
1072 1816 1118 1845 tit.
1130 1827 1157 1854 3.
1168 1819 1205 1847 In
1216 1819 1323 1858 Vigilia
1335 1823 1509 1852 Pentecostes
1519 1834 1552 1852 ex
1564 1825 1676 1862 antique
1684 1835 1752 1854 con-

953 1855 1097 1885 suetudine
1106 1859 1261 1893 jejunatum
1285 1861 1315 1889 in
1326 1872 1377 1900 qua
1389 1863 1472 1891 etiam
1488 1864 1661 1902 antiquitus,
1683 1865 1752 1895 sicut

954 1895 984 1924 in
1010 1897 1122 1925 sabbato
1148 1899 1246 1928 Sanflo
1264 1922 1273 1933 ‚
1294 1903 1499 1940 baptizabantur
1527 1904 1729 1935 catechumeni
1740 1917 1750 1937 ς

953 1936 1018 1964 ideo
1027 1937 1115 1966 adhuc
1138 1938 1167 1967 in
1179 1940 1255 1969 Missa
1268 1942 1369 1971 dicitur
1390 1946 1499 1973 Tra-stus
1511 1967 1520 1979 ‚
1542 1948 1570 1973 ὃ(
1579 1946 1611 1974 ad
1622 1949 1751 1985 Evange-

953 1978 1021 2005 lium
1034 1988 1092 2006 non
1103 1978 1251 2009 afferuntur
1260 1983 1363 2012 lumina
1372 2005 1380 2016 ,
1405 1985 1468 2023 quia
1478 1996 1572 2015 eorum
1584 1986 1650 2015 fides
1659 1986 1747 2016 adhuc

952 2019 1127 2048 obtenebrata
1138 2021 1176 2049 est
1186 2042 1194 2053 ,
1217 2025 1245 2050 δε
1253 2024 1288 2051 ob
1296 2024 1410 2053 eandem
1419 2027 1556 2056 rationem
1577 2038 1635 2056 non
1644 2027 1746 2056 dicitur

951 2059 1064 2087 Crede.
1086 2061 1114 2088 Si
1127 2061 1240 2100 vigiiiae
1259 2065 1284 2092 S.
1294 2066 1409 2102 Joannis
1419 2067 1564 2105 Baptistae,
1588 2068 1633 2097 vel
1651 2069 1694 2097 SS.
1706 2072 1747 2097 A-

950 2100 1120 2138 postolorum
1131 2103 1205 2131 Petri
1217 2124 1225 2137 ‚
1246 2105 1360 2134 &Pauli
1379 2117 1513 2136 venerint
1529 2108 1600 2137 infra
1609 2109 1747 2138 octavam

951 2142 1090 2179 Corporis
1108 2141 1236 2177 Christi,
1258 2155 1323 2174 tunc
1342 2146 1372 2175 in
1390 2148 1469 2177 Misiii
1487 2148 1588 2178 dicitur
1614 2148 1745 2177 Praefatio

950 2182 1104 2210 communis
1122 2183 1156 2211 de
1174 2184 1239 2215 feria
1249 2207 1257 2219 ,
1280 2187 1337 2215 Sac·
1349 2188 1409 2217 Rit.
1419 2190 1528 2228 Congr.
1547 2201 1555 2217 i
1564 2201 1589 2218 2.
1601 2190 1745 2217 Decembr-

957 2233 966 2250 i
975 2229 1043 2251 626.
1055 2223 1082 2252 Si
1096 2233 1161 2252 vero
1173 2227 1278 2266 vigilia
1287 2227 1374 2266 aliqua
1387 2231 1497 2258 venerit
1508 2231 1537 2258 in
1549 2230 1593 2257 die
1602 2228 1746 2258 solemnis-

951 2262 1020 2291 fimo
1030 2285 1037 2296 ,
1051 2272 1116 2292 tunc
1127 2265 1276 2306 Episcopus
1287 2268 1376 2307 potest
1389 2269 1462 2298 illam
1473 2270 1622 2308 anticipare
1632 2270 1665 2298 ad
1675 2280 1748 2308 pra:-

951 2304 1095 2333 cedentem
1104 2305 1194 2335 diem.
1216 2310 1318 2339 Navar.
1329 2309 1357 2337 in
1370 2311 1484 2338 manual.
1495 2320 1553 2348 cap.
1565 2322 1578 2338 ι.
1589 2321 1611 2338 ι.
1623 2321 1749 2340 num.21.

955 2345 1032 2373 Hinc
1044 2348 1100 2375 Leo
1111 2347 1182 2385 Papa
1190 2349 1222 2377 X.
1233 2349 1385 2378 decretavit
1398 2372 1406 2383 ‚
1427 2351 1501 2389 quod
1512 2351 1530 2380 si
1541 2351 1647 2390 Vigilia
1664 2352 1689 2380 S.
1701 2354 1751 2390 Jo-

955 2387 1033 2416 anuis
1046 2386 1155 2418 venerit
1173 2388 1204 2419 in
1215 2390 1260 2421 die
1270 2390 1406 2432 Corporis
1418 2392 1526 2420 Christi
1538 2413 1546 2425 ‚
1568 2401 1634 2421 tunc
1653 2393 1754 2422 :intici-

1380 2432 1405 2461 Y
1427 2442 1447 2467 y
1490 2444 1505 2462 ε.
1670 2442 1718 2473 pe-
